timestamp,vibration,temperature,current,fault
2025-11-07 02:32:48.967433,0.26627766007378234,45.68356774919578,7.827415045320614,0
2025-11-07 02:32:50.967433,0.39381461605003315,43.41628669256053,8.13058192578332,0
2025-11-07 02:32:52.967433,0.4698974746239343,42.32219217088166,8.250076107082,0
2025-11-07 02:32:54.967433,0.37134179146880475,44.01844766721583,8.034146785534231,0
2025-11-07 02:32:56.967433,0.36250420921263843,45.679041599428174,7.795017214771876,0
2025-11-07 02:32:58.967433,0.37725177218892414,43.61764348199226,8.175100062574577,0
2025-11-07 02:33:00.967433,0.37638318411540495,46.991912486242654,8.417092155073393,0
2025-11-07 02:33:02.967433,0.4264054401719466,44.68717014596277,8.126326763915282,0
2025-11-07 02:33:04.967433,0.32972478321035914,45.00027033826585,7.8516995053901555,0
2025-11-07 02:33:06.967433,0.497009373476768,42.53720478972786,7.959306530918371,0
2025-11-07 02:33:08.967433,0.402746280478553,43.60643904283019,8.588955899947894,0
2025-11-07 02:33:10.967433,0.42799462469942073,42.67516987285901,8.419373299514653,0
2025-11-07 02:33:12.967433,0.33518274967866607,44.001548267170975,7.629323777089646,0
2025-11-07 02:33:14.967433,0.4660316463023366,44.25400600578537,7.678549069429449,0
2025-11-07 02:33:16.967433,0.3191155119285526,44.69969801836015,7.879399305609349,0
2025-11-07 02:33:18.967433,0.3797775862325022,45.46759068222877,7.551276235657716,0
2025-11-07 02:33:20.967433,0.3959116900946434,43.75632566581404,7.735501973512805,0
2025-11-07 02:33:22.967433,0.38430519512062794,44.501463487707774,8.272365824020223,0
2025-11-07 02:33:24.967433,0.4889258047035665,46.04891603721032,7.4746015619757005,0
2025-11-07 02:33:26.967433,0.34404748524200574,46.2443640374899,7.783003178147947,0
2025-11-07 02:33:28.967433,0.38187067811363606,44.62907349981542,8.133443109006866,0
2025-11-07 02:33:30.967433,0.4415788235748042,45.02855142223125,8.049190066676017,0
2025-11-07 02:33:32.967433,0.3699059818748757,43.44891100512331,8.051680243795595,0
2025-11-07 02:33:34.967433,0.3833582181599804,47.21680640506413,7.89895601175986,0
2025-11-07 02:33:36.967433,0.4122836573771131,46.81617396148092,8.939741825665608,0
2025-11-07 02:33:38.967433,0.4541727599594411,43.75518876953349,7.797390657920354,0
2025-11-07 02:33:40.967433,0.4250931350660884,45.18946124621144,8.264632385166967,0
2025-11-07 02:33:42.967433,0.46731498470204264,43.699836337635915,8.297663723163948,0
2025-11-07 02:33:44.967433,0.4874590551210134,44.215368209648794,8.081274155330387,0
2025-11-07 02:33:46.967433,0.30131235212865426,44.54686303011033,7.9174640797779805,0
2025-11-07 02:33:48.967433,0.38103847858831796,47.63908406994123,8.06577428443973,0
2025-11-07 02:33:50.967433,0.37001001949989837,45.654386014534026,8.042255787923581,0
2025-11-07 02:33:52.967433,0.4062630963481844,46.19325219857902,8.566175939128492,0
2025-11-07 02:33:54.967433,0.4228540205429597,45.712691548573545,7.931916917105861,0
2025-11-07 02:33:56.967433,0.4292375806991064,45.301892594904864,7.766028302329805,0
2025-11-07 02:33:58.967433,0.44775202256152913,44.50740476053041,7.899628246363087,0
2025-11-07 02:34:00.967433,0.3964008849504161,48.61978432800146,8.125369470428003,0
2025-11-07 02:34:02.967433,0.4205204100222213,46.83755476565848,7.918580537932779,0
2025-11-07 02:34:04.967433,0.4950465778979568,44.643127276075404,8.46538156194485,0
2025-11-07 02:34:06.967433,0.398165596583321,44.42417487502118,8.062909613929566,0
2025-11-07 02:34:08.967433,0.43574786688507505,43.17177210983495,7.897917458569491,0
2025-11-07 02:34:10.967433,0.41459485027255044,45.43535741043127,8.079638137276657,0
2025-11-07 02:34:12.967433,0.4977514226052618,44.02532128391491,8.091351398638805,0
2025-11-07 02:34:14.967433,0.395706390444772,43.418690881566114,8.38687387976656,0
2025-11-07 02:34:16.967433,0.3686284126722663,43.98455036777939,7.450639214220985,0
2025-11-07 02:34:18.967433,0.4134656125869284,43.962873408860176,8.442545096926501,0
2025-11-07 02:34:20.967433,0.373494244688312,46.15515666863743,7.9592836881957085,0
2025-11-07 02:34:22.967433,0.39151747495204625,45.87684634994297,8.289204511398031,0
2025-11-07 02:34:24.967433,0.35091920518223424,47.074188965329384,8.091976339039242,0
2025-11-07 02:34:26.967433,0.38000997165716555,43.60972951279513,8.453286868754574,0
2025-11-07 02:34:28.967433,0.4388255491019184,48.96712693049622,8.264599619522405,0
2025-11-07 02:34:30.967433,0.3974455876805458,45.76930146833349,8.541777049491891,0
2025-11-07 02:34:32.967433,0.4055238527200827,45.36174338097064,8.118964052849266,0
2025-11-07 02:34:34.967433,0.357469023233075,44.02591157712257,8.43821287556136,0
2025-11-07 02:34:36.967433,0.39895500723014093,43.18142518286875,8.056011084521966,0
2025-11-07 02:34:38.967433,0.4109111240061451,47.64030782286522,7.980778734102075,0
2025-11-07 02:34:40.967433,0.37430652870017417,46.33037321000618,8.090490442770967,0
2025-11-07 02:34:42.967433,0.3567089071473136,44.03060952085895,8.067387974510257,0
2025-11-07 02:34:44.967433,0.4204419450603274,46.32522878727646,8.112545578626161,0
2025-11-07 02:34:46.967433,0.3606549434406282,47.0926987699516,8.059858636691803,0
2025-11-07 02:34:48.967433,0.41983294302101865,43.27823300408917,8.237958840663842,0
2025-11-07 02:34:50.967433,0.4033519528073261,44.341890914709985,7.641099006208948,0
2025-11-07 02:34:52.967433,0.5084777008585369,44.824776382971365,8.11622015799912,0
2025-11-07 02:34:54.967433,0.3543916873480463,40.79442950465247,7.703560955377017,0
2025-11-07 02:34:56.967433,0.4260890495248397,45.606788191219415,7.739555742411873,0
2025-11-07 02:34:58.967433,0.41168650290949116,48.31285159035818,8.12690712806303,0
2025-11-07 02:35:00.967433,0.2761151226257381,43.521583864759116,7.790587392882791,0
2025-11-07 02:35:02.967433,0.33234632322480595,44.511872334140556,8.306890969486455,0
2025-11-07 02:35:04.967433,0.41461680109674065,46.308346982296655,8.40467269991596,0
2025-11-07 02:35:06.967433,0.4796339015480582,46.926848325452966,8.413749232559576,0
2025-11-07 02:35:08.967433,0.3968726958373043,44.577481331975676,7.684005486570259,0
2025-11-07 02:35:10.967433,0.30460225942382096,45.16892463248491,8.035809555842903,0
2025-11-07 02:35:12.967433,0.4719327835038313,45.94682915019054,7.5217269525874855,0
2025-11-07 02:35:14.967433,0.4721746814237759,44.99892773052865,8.586358911742229,0
2025-11-07 02:35:16.967433,0.38352655752597964,45.3684380319106,8.53492575281393,0
2025-11-07 02:35:18.967433,0.35946799264476703,45.25254506499273,8.02992702690223,0
2025-11-07 02:35:20.967433,0.33304425372948443,44.496534780396516,7.678801606801114,0
2025-11-07 02:35:22.967433,0.3980117404319882,46.20857866696399,7.916831117522702,0
2025-11-07 02:35:24.967433,0.4134358501662592,46.8749764008392,8.118829512812454,0
2025-11-07 02:35:26.967433,0.3030010309644343,43.89917022626338,8.687553966923714,0
2025-11-07 02:35:28.967433,0.31912612253576944,46.0314310599992,8.162576945525652,0
2025-11-07 02:35:30.967433,0.4894838952131735,47.492278245588736,7.795855660524063,0
2025-11-07 02:35:32.967433,0.41713451866733675,45.32471711044432,8.08610650989324,0
2025-11-07 02:35:34.967433,0.47904955568640045,47.59905829496278,8.036328631530756,0
2025-11-07 02:35:36.967433,0.46638470064056586,48.87931860293697,8.054643446191648,0
2025-11-07 02:35:38.967433,0.30541783393325145,44.872154827997655,7.967543805401297,0
2025-11-07 02:35:40.967433,0.3575146884232342,43.9751448785326,7.624450178393583,0
2025-11-07 02:35:42.967433,0.4077921799873477,43.9759720242372,7.4623642526544485,0
2025-11-07 02:35:44.967433,0.38768798898576345,47.92565306867963,7.634305020697435,0
2025-11-07 02:35:46.967433,0.3603537044712771,45.11561267173566,8.24104107664518,0
2025-11-07 02:35:48.967433,0.3453591335544229,44.84032899569235,7.69927750322146,0
2025-11-07 02:35:50.967433,0.3670920718938618,46.30756944961272,7.6072760353053015,0
2025-11-07 02:35:52.967433,0.3571404168872438,45.37053365244301,7.511366598397636,0
2025-11-07 02:35:54.967433,0.4029731451425705,45.76934816897763,8.51205894264538,0
2025-11-07 02:35:56.967433,0.4414543339032726,47.64696713228611,8.082936112859548,0
2025-11-07 02:35:58.967433,0.4343027549229481,45.99555189537929,7.142433474116122,0
2025-11-07 02:36:00.967433,0.37568991565812837,44.88625347181938,8.284261142356389,0
2025-11-07 02:36:02.967433,0.4122802260692173,45.19178117382341,8.070729278020513,0
2025-11-07 02:36:04.967433,0.3964121328702434,43.281525406767386,7.214930504815543,0
2025-11-07 02:36:06.967433,0.4948348693740732,46.36237460271783,8.431289729831107,0
2025-11-07 02:36:08.967433,0.3473399356822976,42.467187767732874,8.421193887802254,0
2025-11-07 02:36:10.967433,0.3421143227513047,44.30792640828044,7.809916123152626,0
2025-11-07 02:36:12.967433,0.4507416579933755,45.02978765904501,7.7666996700301585,0
2025-11-07 02:36:14.967433,0.44846027401585287,44.35329502562116,7.750302749073487,0
2025-11-07 02:36:16.967433,0.3443872290680325,43.855880486999745,8.200601174822394,0
2025-11-07 02:36:18.967433,0.3441456681260056,44.98987555572044,7.6441560186078465,0
2025-11-07 02:36:20.967433,0.4455570571722985,45.74823037074717,8.00395075362883,0
2025-11-07 02:36:22.967433,0.4455666304406611,47.250530475529686,7.577104510630469,0
2025-11-07 02:36:24.967433,0.4536715601832683,46.80876154744082,8.122106392902769,0
2025-11-07 02:36:26.967433,0.4180882103697334,44.53884825903391,8.361645466854569,0
2025-11-07 02:36:28.967433,0.3946235094521477,45.36783527975703,8.219892462783806,0
2025-11-07 02:36:30.967433,0.3470702716308498,43.86854244254843,7.749056724508326,0
2025-11-07 02:36:32.967433,0.32466918827573565,46.3852101930945,7.632226482399025,0
2025-11-07 02:36:34.967433,0.32146460335760013,44.5761369480272,8.125513544891993,0
2025-11-07 02:36:36.967433,0.4206328163190411,45.62763763962428,8.0661752551818,0
2025-11-07 02:36:38.967433,0.4505785816800747,46.518944868972554,7.889879695111216,0
2025-11-07 02:36:40.967433,0.4059851003256004,45.580732323043044,8.116981711489336,0
2025-11-07 02:36:42.967433,0.3541706352118435,45.44675593546643,8.445088600191406,0
2025-11-07 02:36:44.967433,0.48030001163716995,46.04265513593468,7.480244509363421,0
2025-11-07 02:36:46.967433,0.43176740156994914,42.75686167843228,8.215312238947547,0
2025-11-07 02:36:48.967433,0.43695241349347413,45.78989355911576,7.955494558983012,0
2025-11-07 02:36:50.967433,0.3276785061551525,45.565254069475806,7.882140136993371,0
2025-11-07 02:36:52.967433,0.38571639322430973,44.43789750057375,7.50014591209776,0
2025-11-07 02:36:54.967433,0.4472899818517855,47.80729695209278,8.107066955564052,0
2025-11-07 02:36:56.967433,0.4273359329945526,45.75327457680622,7.82202671038527,0
2025-11-07 02:36:58.967433,0.445685128515827,45.70201063229535,7.867130968520907,0
2025-11-07 02:37:00.967433,0.3996455741278531,46.17430239480423,8.301052812009349,0
2025-11-07 02:37:02.967433,0.4943356692021466,44.86878263537595,8.06810805208717,0
2025-11-07 02:37:04.967433,0.3281982094808124,42.81269727886417,8.010725471096059,0
2025-11-07 02:37:06.967433,0.3662565682381449,43.33958863981885,7.866712361182149,0
2025-11-07 02:37:08.967433,0.3781097554878419,43.9089304372113,7.984970291109861,0
2025-11-07 02:37:10.967433,0.3401189467341695,45.07297506407831,7.835722447542381,0
2025-11-07 02:37:12.967433,0.38350657362453944,47.512929786429744,8.075586784742255,0
2025-11-07 02:37:14.967433,0.3548966331871762,45.581756077952086,7.921316394677816,0
2025-11-07 02:37:16.967433,0.3469977769187945,45.35829828291001,7.397556307294419,0
2025-11-07 02:37:18.967433,0.44823321265929594,43.57882927578541,7.870335766888455,0
2025-11-07 02:37:20.967433,0.33383217144891314,47.36416900689916,8.10968445286622,0
2025-11-07 02:37:22.967433,0.43723635301878766,43.294545872016855,8.01580744400478,0
2025-11-07 02:37:24.967433,0.3618382328682125,44.336435509582124,7.678818664884917,0
2025-11-07 02:37:26.967433,0.3498742443037452,42.93306590164681,7.556256837044239,0
2025-11-07 02:37:28.967433,0.4239369554622207,43.986079678031274,8.643374007723052,0
2025-11-07 02:37:30.967433,0.32112453641191974,47.195998416038876,8.067027986754827,0
2025-11-07 02:37:32.967433,0.34285972826979344,46.500954780884065,8.180895273691698,0
2025-11-07 02:37:34.967433,0.3844606668162507,45.98198462019428,8.267840152333099,0
2025-11-07 02:37:36.967433,0.46660063135431223,45.93109494698429,7.961086139261909,0
2025-11-07 02:37:38.967433,0.39714009808141293,44.539023540162255,8.098596382164306,0
2025-11-07 02:37:40.967433,0.4366184809678242,45.22589519325845,7.742797361951216,0
2025-11-07 02:37:42.967433,0.48453235212662804,44.11354799095863,8.311284387676439,0
2025-11-07 02:37:44.967433,0.42195858892436006,44.04271436818257,8.064589288459784,0
2025-11-07 02:37:46.967433,0.3977457015149046,47.61083916800818,8.339214324656316,0
2025-11-07 02:37:48.967433,0.4278868566796078,45.288168946701674,7.698222713797914,0
2025-11-07 02:37:50.967433,0.42597615842254516,45.94516702131654,7.806649312462466,0
2025-11-07 02:37:52.967433,0.3614647112166349,42.73112783270483,8.050186327158855,0
2025-11-07 02:37:54.967433,0.4925952126393058,45.969428403333644,8.011857459284666,0
2025-11-07 02:37:56.967433,0.4020836698897358,43.85759592410488,8.229991669320679,0
2025-11-07 02:37:58.967433,0.387577972375088,44.73658813113371,7.424136025264261,0
2025-11-07 02:38:00.967433,0.3445492765259471,44.20829329556279,8.083549046269598,0
2025-11-07 02:38:02.967433,0.3418720518426484,45.5009229958392,8.20273657325486,0
2025-11-07 02:38:04.967433,0.44589220516788586,47.10603566626033,8.093821996999463,0
2025-11-07 02:38:06.967433,0.3777265303088732,48.43634935357517,7.699494981839881,0
2025-11-07 02:38:08.967433,0.45429884269464416,44.14617572620201,7.569090231701975,0
2025-11-07 02:38:10.967433,0.29101383017757665,44.58400335281317,8.14490156051639,0
2025-11-07 02:38:12.967433,0.425907421190011,45.72599171248707,8.181813014348744,0
2025-11-07 02:38:14.967433,0.4478537345500702,43.33765701298576,8.032193615514426,0
2025-11-07 02:38:16.967433,0.3492233490818459,44.058727235154045,7.8218070522984195,0
2025-11-07 02:38:18.967433,0.5397370502011919,42.688284385163264,8.675738193547227,0
2025-11-07 02:38:20.967433,0.3532536179589178,43.406085940749996,7.865651632145552,0
2025-11-07 02:38:22.967433,0.45868723042536547,45.95961185275867,7.469762509462766,0
2025-11-07 02:38:24.967433,0.46952111204333746,45.175917920430216,7.6397770984967694,0
2025-11-07 02:38:26.967433,0.4357585057190514,44.544798432088356,8.458413693499812,0
2025-11-07 02:38:28.967433,0.3786432512508994,44.49723598273795,7.864243930702578,0
2025-11-07 02:38:30.967433,0.4474213137381667,44.031837985771354,8.30901968770488,0
2025-11-07 02:38:32.967433,0.41833591269015635,44.98851816310143,7.752334304978555,0
2025-11-07 02:38:34.967433,0.31314310454555433,46.481183004638595,7.5810644007011,0
2025-11-07 02:38:36.967433,0.43320574658581545,45.91620423522997,8.244626502218868,0
2025-11-07 02:38:38.967433,0.3381641349962139,45.8747272586731,8.19433253761008,0
2025-11-07 02:38:40.967433,0.48384654982642533,42.890846824386216,8.204671774477232,0
2025-11-07 02:38:42.967433,0.4363570218370473,45.518539528311265,7.455882798167503,0
2025-11-07 02:38:44.967433,0.3861473100627135,45.86861329564358,8.023484776212463,0
2025-11-07 02:38:46.967433,0.4653357080638014,44.58870882891862,8.524671015350505,0
2025-11-07 02:38:48.967433,0.33477608307399664,45.763861562627234,7.714474556203927,0
2025-11-07 02:38:50.967433,0.3628679989931173,46.145165374128126,7.9955253559843245,0
2025-11-07 02:38:52.967433,0.33630291388163475,46.64984096555928,7.825191120395617,0
2025-11-07 02:38:54.967433,0.44407985325471644,46.0559029979581,8.110769370616023,0
2025-11-07 02:38:56.967433,0.3872919395336282,46.069060310255985,7.918747583743677,0
2025-11-07 02:38:58.967433,0.411039411018102,46.51541448077309,8.47446680933383,0
2025-11-07 02:39:00.967433,0.3790411558635999,47.59725963393351,8.238521961319718,0
2025-11-07 02:39:02.967433,0.43625532630872904,44.37814039786518,7.776473578213153,0
2025-11-07 02:39:04.967433,0.4400781095958506,44.10604566728307,8.22815296895783,0
2025-11-07 02:39:06.967433,0.4131613614143922,44.2668760620715,8.21655866407728,0
2025-11-07 02:39:08.967433,0.42908731534035716,46.81903666503076,7.673691782972934,0
2025-11-07 02:39:10.967433,0.48791316448376293,44.22339671444093,7.74761998673609,0
2025-11-07 02:39:12.967433,0.4985281132883735,43.49580411868055,7.833324274749604,0
2025-11-07 02:39:14.967433,0.3623142982503062,45.6191655582404,8.105698374493803,0
2025-11-07 02:39:16.967433,0.4468291588022216,46.85336951408207,8.375375316033521,0
2025-11-07 02:39:18.967433,0.3847418995319193,45.6189977006571,8.122853662756834,0
2025-11-07 02:39:20.967433,0.4650911678841911,44.52855584488576,7.80443378685967,0
2025-11-07 02:39:22.967433,0.43187063412963334,44.8243698265879,8.16992862847938,0
2025-11-07 02:39:24.967433,0.42222055860901087,46.17170551895829,7.7658651175539415,0
2025-11-07 02:39:26.967433,0.39569995128386876,43.96072151503677,8.043253416459635,0
2025-11-07 02:39:28.967433,0.3653565624125223,44.871109962484454,8.173117527689179,0
2025-11-07 02:39:30.967433,0.34247851294042875,44.67705969866437,8.177855175274901,0
2025-11-07 02:39:32.967433,0.45496505245418356,45.148824311874414,7.873222128125625,0
2025-11-07 02:39:34.967433,0.42137216186584353,43.24416220875609,7.819531361242671,0
2025-11-07 02:39:36.967433,0.44981404952504794,47.01249357179937,8.520430519883677,0
2025-11-07 02:39:38.967433,0.3669617519875104,43.92491860837164,8.29791560162302,0
2025-11-07 02:39:40.967433,0.44146241814535225,44.52910675276371,7.985080801902907,0
2025-11-07 02:39:42.967433,0.4794607287620627,43.42196214661595,8.29887476314422,0
2025-11-07 02:39:44.967433,0.48424281963863064,45.95307677025574,7.854758232731846,0
2025-11-07 02:39:46.967433,0.42918470983668927,46.07182140146743,7.744794135586537,0
2025-11-07 02:39:48.967433,0.3778349021790217,45.22479110331911,7.769399183757905,0
2025-11-07 02:39:50.967433,0.43366004282534953,47.763995536341284,8.20185968819723,0
2025-11-07 02:39:52.967433,0.42848208572333696,47.35733339289391,8.729937294173572,0
2025-11-07 02:39:54.967433,0.42167765160035026,44.81401347009781,8.532252842667365,0
2025-11-07 02:39:56.967433,0.36818671643591866,45.31684233755468,8.156582130725745,0
2025-11-07 02:39:58.967433,0.4218002491464305,45.30487319451792,7.7626808706823,0
2025-11-07 02:40:00.967433,0.31389646249836317,45.099772085526794,8.374749937910694,0
2025-11-07 02:40:02.967433,0.444285738635893,45.10927829513975,7.999132114907836,0
2025-11-07 02:40:04.967433,0.3800883350028135,44.79247383126158,7.985861051216754,0
2025-11-07 02:40:06.967433,0.2852858998655214,44.99227702362559,7.714410831700699,0
2025-11-07 02:40:08.967433,0.38064798480918993,45.943400598038416,8.129947592952112,0
2025-11-07 02:40:10.967433,0.4711635264066643,44.55160908289833,8.219093559099809,0
2025-11-07 02:40:12.967433,0.3753488047200947,44.89139949722133,7.646192178896978,0
2025-11-07 02:40:14.967433,0.3841085080015994,44.958600974423256,8.179420525736544,0
2025-11-07 02:40:16.967433,0.44469635551383807,44.93938667150343,8.19107226758827,0
2025-11-07 02:40:18.967433,0.4478267113589911,43.14182716011221,8.187061038401053,0
2025-11-07 02:40:20.967433,0.400670610718414,46.91290795518479,7.530153111804497,0
2025-11-07 02:40:22.967433,0.3876848916590841,44.32522228313069,8.272206713834022,0
2025-11-07 02:40:24.967433,0.43708953958516866,46.15058873656918,8.267717343666508,0
2025-11-07 02:40:26.967433,0.36169127091636705,45.35793158731236,8.181948416083948,0
2025-11-07 02:40:28.967433,0.45625390189668735,49.12029623836454,8.214720962881875,0
2025-11-07 02:40:30.967433,0.4625949612351789,43.5181046978403,8.015345245644658,0
2025-11-07 02:40:32.967433,0.3669788864912566,47.654614532651586,8.592809008658863,0
2025-11-07 02:40:34.967433,0.4112388613202688,44.540007557733716,8.264480552117204,0
2025-11-07 02:40:36.967433,0.3179783603836033,46.13518653240225,8.113798745360967,0
2025-11-07 02:40:38.967433,0.46458114330335243,46.108480992514906,7.851536389030735,0
2025-11-07 02:40:40.967433,0.45418099290085034,44.71753566180385,8.110430447240738,0
2025-11-07 02:40:42.967433,0.5065874140374848,43.9960410831514,8.494251065624898,0
2025-11-07 02:40:44.967433,0.41180446947027033,42.53464678351775,8.214014355222048,0
2025-11-07 02:40:46.967433,0.4679028184460084,45.82892879658658,8.09081162471629,0
2025-11-07 02:40:48.967433,0.47919219039605315,45.09170448731789,7.427244089073815,0
2025-11-07 02:40:50.967433,0.3946986486921106,45.96762546365927,7.26837752737089,0
2025-11-07 02:40:52.967433,0.4689054771847038,43.69404045411964,8.40388863867914,0
2025-11-07 02:40:54.967433,0.36126841535245124,47.82302288831835,7.92791003068362,0
2025-11-07 02:40:56.967433,0.4272881297975942,43.67471186700852,8.099930462677657,0
2025-11-07 02:40:58.967433,0.2839204904275629,42.81595096649688,8.064444263440624,0
2025-11-07 02:41:00.967433,0.42097659860764586,42.72430405094471,7.589226919171412,0
2025-11-07 02:41:02.967433,0.36531299535807366,44.89808437018318,8.385122270931602,0
2025-11-07 02:41:04.967433,0.4363095147143939,44.049018128403816,7.6587165758469045,0
2025-11-07 02:41:06.967433,0.37118746751882714,43.84906918312594,7.9446239038071225,0
2025-11-07 02:41:08.967433,0.38875165848625476,42.818618821896976,8.404706213249586,0
2025-11-07 02:41:10.967433,0.45426438650686424,46.40604701436039,7.904823998060946,0
2025-11-07 02:41:12.967433,0.4336149170434243,46.572623578652035,7.8404154233278325,0
2025-11-07 02:41:14.967433,0.3859836962726408,44.11158569324596,8.155957252732593,0
2025-11-07 02:41:16.967433,0.42711925362345804,44.70498895981264,7.972371660781985,0
2025-11-07 02:41:18.967433,0.37928197223217297,44.453116264503876,8.159454911771894,0
2025-11-07 02:41:20.967433,0.47936728726896005,45.17646062013232,8.095535692686273,0
2025-11-07 02:41:22.967433,0.40159846082971673,45.71318392580505,8.143526521315405,0
2025-11-07 02:41:24.967433,0.4809406246495085,45.82703939732897,7.937646478536221,0
2025-11-07 02:41:26.967433,0.45405382731903066,46.36616703076979,7.975092290180357,0
2025-11-07 02:41:28.967433,0.4491052063986471,44.821517455484575,8.564167837701527,0
2025-11-07 02:41:30.967433,0.37590092990089913,44.39486493319115,8.447352283032242,0
2025-11-07 02:41:32.967433,0.43941672893552064,47.730239399983,8.082209498157141,0
2025-11-07 02:41:34.967433,0.4189607423141273,44.556556351624266,8.217105450037836,0
2025-11-07 02:41:36.967433,0.4716998061787691,46.90765476008684,8.264322063922387,0
2025-11-07 02:41:38.967433,0.4029697585042062,43.33243188951769,7.955694441076902,0
2025-11-07 02:41:40.967433,0.35994637006261426,45.16430748645625,7.820309693362112,0
2025-11-07 02:41:42.967433,0.36725325904685424,44.64140827053462,7.954520671078568,0
2025-11-07 02:41:44.967433,0.3972203561909436,43.82311217479759,7.953256250743745,0
2025-11-07 02:41:46.967433,0.43229580337346146,45.8426613083623,7.845822350699955,0
2025-11-07 02:41:48.967433,0.45181579807235095,43.69104084260568,8.078612467433834,0
2025-11-07 02:41:50.967433,0.3585725532705397,43.42545175618327,7.6779306373246285,0
2025-11-07 02:41:52.967433,0.4789244742131361,44.52315626716364,8.076627511179067,0
2025-11-07 02:41:54.967433,0.34803173204324134,44.72441556412851,8.184233674000241,0
2025-11-07 02:41:56.967433,0.40491699019283806,43.10227558581004,7.97086419460438,0
2025-11-07 02:41:58.967433,0.39207355906133917,46.533231149866374,8.628158012225306,0
2025-11-07 02:42:00.967433,0.3516594182717054,45.0510261465784,7.901736146227796,0
2025-11-07 02:42:02.967433,0.46015116933148126,47.16323049693799,7.659155831163121,0
2025-11-07 02:42:04.967433,0.4190820442193022,45.93778212345216,8.23570910795912,0
2025-11-07 02:42:06.967433,0.41689457007725245,43.82102142243245,7.15643872868205,0
2025-11-07 02:42:08.967433,0.41270968478126385,44.20009835847049,7.822124518501372,0
2025-11-07 02:42:10.967433,0.3589722098643657,47.4519842508454,8.059243455281942,0
2025-11-07 02:42:12.967433,0.42611507537397914,46.47890080281968,8.073309842553291,0
2025-11-07 02:42:14.967433,0.36250179837402424,44.38706379991236,8.277592444088855,0
2025-11-07 02:42:16.967433,0.36404431461869513,44.563515541845845,7.867332229600055,0
2025-11-07 02:42:18.967433,0.32488601674442996,44.06255685647612,8.122310039804326,0
2025-11-07 02:42:20.967433,0.3835110302841304,45.82193554973681,7.633753105406269,0
2025-11-07 02:42:22.967433,0.3573319677871906,46.98077160035576,7.8097834053353115,0
2025-11-07 02:42:24.967433,0.4587319141000024,46.31145375441911,7.920350115993295,0
2025-11-07 02:42:26.967433,0.47004551041362597,45.65049303030648,7.969859887353261,0
2025-11-07 02:42:28.967433,0.4126741394550309,45.90571459363028,7.90905217886915,0
2025-11-07 02:42:30.967433,0.3268210634918343,45.893927284180386,7.807527434081501,0
2025-11-07 02:42:32.967433,0.4102099159775061,42.174543596773944,7.759697718498807,0
2025-11-07 02:42:34.967433,0.4658982074282625,44.50328896657524,8.408124443534009,0
2025-11-07 02:42:36.967433,0.39693756066593355,42.334378513571,8.39823888432591,0
2025-11-07 02:42:38.967433,0.3869968307578143,45.79068431823697,8.09213489839467,0
2025-11-07 02:42:40.967433,0.4043297242866076,45.002660587645394,8.089303391631029,0
2025-11-07 02:42:42.967433,0.3627335884611192,44.01978165695807,8.134619208167994,0
2025-11-07 02:42:44.967433,0.3533383567708715,44.79790697151374,7.6366417100290755,0
2025-11-07 02:42:46.967433,0.4803963268378188,44.515021713932384,7.928504186231092,0
2025-11-07 02:42:48.967433,0.404599725244203,44.52270114480012,8.33767476505175,0
2025-11-07 02:42:50.967433,0.46056532017519075,43.53703983703687,8.113382651722482,0
2025-11-07 02:42:52.967433,0.44890961298176646,47.49365587619829,7.84337287186505,0
2025-11-07 02:42:54.967433,0.3706487069562276,45.558514018927674,8.361704221411312,0
2025-11-07 02:42:56.967433,0.3976082776368701,44.285919459816725,7.914282354364802,0
2025-11-07 02:42:58.967433,0.433055218857579,44.692000276869635,8.074270586080749,0
2025-11-07 02:43:00.967433,0.40063923793420475,44.3236438177953,7.915634892530642,0
2025-11-07 02:43:02.967433,0.4744878783089199,45.50448332244426,7.581780391328287,0
2025-11-07 02:43:04.967433,0.3892061940032678,45.226194650668084,7.8771676559985515,0
2025-11-07 02:43:06.967433,0.42218008663950024,46.71025041485683,8.335980678253783,0
2025-11-07 02:43:08.967433,0.41480721400147713,45.325316353696664,7.776964622889728,0
2025-11-07 02:43:10.967433,0.3122126016582973,43.81083417943027,8.411039182684288,0
2025-11-07 02:43:12.967433,0.31202518313140676,46.13833205867411,7.324234667640738,0
2025-11-07 02:43:14.967433,0.3690361238475866,45.478331902193936,7.971460587997363,0
2025-11-07 02:43:16.967433,0.515627875716507,43.390855012964785,8.386796191278687,0
2025-11-07 02:43:18.967433,0.34012720597915846,44.302661359520414,7.850381353512153,0
2025-11-07 02:43:20.967433,0.4083338515122296,45.153228778494125,7.895644971995271,0
2025-11-07 02:43:22.967433,0.332748648184121,45.44305339631623,8.108602663233004,0
2025-11-07 02:43:24.967433,0.34939585386350314,47.59327653483898,8.318709949212243,0
2025-11-07 02:43:26.967433,0.4528526456206884,44.173956864952004,8.076948516049791,0
2025-11-07 02:43:28.967433,0.41647029514060363,46.64741266582037,7.8894851958868,0
2025-11-07 02:43:30.967433,0.41205678558697634,45.833629715718615,8.44719596541816,0
2025-11-07 02:43:32.967433,0.3743897935934188,44.426767274745146,7.230750892659569,0
2025-11-07 02:43:34.967433,0.31944961102934954,43.81037087187347,7.615182187495608,0
2025-11-07 02:43:36.967433,0.2974840796670247,46.998781202695874,7.507654057657397,0
2025-11-07 02:43:38.967433,0.4254213261320126,48.60883403401562,8.402002589343601,0
2025-11-07 02:43:40.967433,0.3877159235021151,45.71161121997245,7.7712361712873435,0
2025-11-07 02:43:42.967433,0.31551572971280206,44.04859505465636,8.191987780110047,0
2025-11-07 02:43:44.967433,0.37124723277511196,43.99540073271849,8.223900698585407,0
2025-11-07 02:43:46.967433,0.37291186559151107,45.03934151996876,7.924513049326079,0
2025-11-07 02:43:48.967433,0.3928789621109538,45.613997456081655,7.733158179689601,0
2025-11-07 02:43:50.967433,0.4196259646859398,43.000434546623985,7.78253142189862,0
2025-11-07 02:43:52.967433,0.3266215529197873,44.69992706887975,8.443820508054042,0
2025-11-07 02:43:54.967433,0.4559762845216007,43.67342357297666,7.975457613911965,0
2025-11-07 02:43:56.967433,0.4233678474509076,43.713950339992024,8.306143647095638,0
2025-11-07 02:43:58.967433,0.4127577057905296,46.595115852705476,8.148554147888836,0
2025-11-07 02:44:00.967433,0.416732758936051,47.634395171087036,8.034965915486463,0
2025-11-07 02:44:02.967433,0.3906180053560322,43.74829906165487,8.076202159441813,0
2025-11-07 02:44:04.967433,0.41823411533568605,45.53758115387334,8.080910945645144,0
2025-11-07 02:44:06.967433,0.4340051783762038,45.45586539700486,8.171737174946042,0
2025-11-07 02:44:08.967433,0.4149910812675542,46.76069803694987,8.759185317161974,0
2025-11-07 02:44:10.967433,0.4982869628910013,46.13398961966528,7.434910686349019,0
2025-11-07 02:44:12.967433,0.5242922481923443,46.67190396360894,7.935255294787545,0
2025-11-07 02:44:14.967433,0.4605677885096584,46.20112583629028,8.076345660790157,0
2025-11-07 02:44:16.967433,0.3465825967673459,40.497086862009034,8.175678346219176,0
2025-11-07 02:44:18.967433,0.3878474974961169,46.96347589195533,8.336166892601794,0
2025-11-07 02:44:20.967433,0.4036897310610519,43.667518838073974,7.643021777745712,0
2025-11-07 02:44:22.967433,0.42684955559268106,44.05850751661321,7.712319703391946,0
2025-11-07 02:44:24.967433,0.4336281497907024,46.620555743653235,7.831582349529196,0
2025-11-07 02:44:26.967433,0.42311894225550445,44.264760825133344,7.395701449477816,0
2025-11-07 02:44:28.967433,0.400695793385204,43.08898442964422,7.4742301160450655,0
2025-11-07 02:44:30.967433,0.3173899065141931,46.264129126693746,7.444065254708358,0
2025-11-07 02:44:32.967433,0.49674653091021054,47.55846227778655,8.205737526515733,0
2025-11-07 02:44:34.967433,0.4383989611289823,43.22099750077401,7.62861261500706,0
2025-11-07 02:44:36.967433,0.4267774575638956,42.47938185275385,7.673309312664573,0
2025-11-07 02:44:38.967433,0.4617282249387694,42.90676195348808,7.925055402024709,0
2025-11-07 02:44:40.967433,0.4667185215245732,47.06725098504167,7.999130941301297,0
2025-11-07 02:44:42.967433,0.35018972147727245,45.19160579920355,7.637290877607947,0
2025-11-07 02:44:44.967433,0.3947926051067535,42.45446340248694,7.821783307387129,0
2025-11-07 02:44:46.967433,0.4363765632460261,45.30197544961765,7.8157159658706465,0
2025-11-07 02:44:48.967433,0.4078562409140864,47.75315035410565,8.635832680912161,0
2025-11-07 02:44:50.967433,0.39083685308117483,43.744767782516156,8.265791571857449,0
2025-11-07 02:44:52.967433,0.43407688587044946,49.42456008061325,7.504704270205679,0
2025-11-07 02:44:54.967433,0.3512034535157489,43.856583968791796,7.85572093191729,0
2025-11-07 02:44:56.967433,0.36948650890430595,45.411618764677755,8.062930676720848,0
2025-11-07 02:44:58.967433,0.40505621716839396,43.428757923063834,7.312259550953962,0
2025-11-07 02:45:00.967433,0.40634860172942167,47.62165379031867,7.908547451860438,0
2025-11-07 02:45:02.967433,0.3975510930557168,44.679673144045104,8.559315174885546,0
2025-11-07 02:45:04.967433,0.4130827119676439,45.474504983803314,8.314972003669471,0
2025-11-07 02:45:06.967433,0.4031778525309936,43.78894098561998,8.135811074122826,0
2025-11-07 02:45:08.967433,0.42200875010219335,43.54434653951563,7.849884205482924,0
2025-11-07 02:45:10.967433,0.3668788108284151,43.74652761464256,7.853822880393038,0
2025-11-07 02:45:12.967433,0.44374341738686635,45.467849465054776,8.184755493954148,0
2025-11-07 02:45:14.967433,0.3683361608110291,45.17849247490357,8.324770985290385,0
2025-11-07 02:45:16.967433,0.39085395222777036,45.24199367854122,7.483325891053834,0
2025-11-07 02:45:18.967433,0.3734639485480296,44.21066992263082,7.735527137837064,0
2025-11-07 02:45:20.967433,0.38259048842168797,45.926963639302706,7.4166999130760605,0
2025-11-07 02:45:22.967433,0.4358482285299555,45.274758225566835,8.444684893881067,0
2025-11-07 02:45:24.967433,0.440180111298378,45.25981871416116,8.265362441854027,0
2025-11-07 02:45:26.967433,0.3355172571447786,45.39022145424408,8.079468435082143,0
2025-11-07 02:45:28.967433,0.37050609682797125,46.54662583774703,7.864724104921996,0
2025-11-07 02:45:30.967433,0.3410002400401186,45.67932994110977,8.019319227358537,0
2025-11-07 02:45:32.967433,0.4234032582575981,44.704184464013935,7.551032080560318,0
2025-11-07 02:45:34.967433,0.4015478301485359,43.87636428309004,8.160312858028801,0
2025-11-07 02:45:36.967433,0.3448421532908065,45.5926385441209,8.033770787111676,0
2025-11-07 02:45:38.967433,0.3851265402820336,42.81774812011275,7.95055494911312,0
2025-11-07 02:45:40.967433,0.448028039183101,45.614175966636864,7.719868473192641,0
2025-11-07 02:45:42.967433,0.3240302313671031,45.064704183749775,8.021458911228464,0
2025-11-07 02:45:44.967433,0.36887914565530283,44.00384536659944,7.3597770846001485,0
2025-11-07 02:45:46.967433,0.41164631391718154,44.995330884755205,8.055977233034717,0
2025-11-07 02:45:48.967433,0.47803332338905385,44.90556956529188,8.27609298812687,0
2025-11-07 02:45:50.967433,0.3330307051452838,46.759942102991936,7.579460313888042,0
2025-11-07 02:45:52.967433,0.5107509152743529,45.64986321268479,8.248840341293313,0
2025-11-07 02:45:54.967433,0.3792848513890526,45.085078610360625,8.087887738333023,0
2025-11-07 02:45:56.967433,0.3476058972082993,45.366299222024715,7.769823302328297,0
2025-11-07 02:45:58.967433,0.45159981022356127,45.17899389015321,8.497584173617115,0
2025-11-07 02:46:00.967433,0.4607589229835579,44.60013019179996,7.926705544702865,0
2025-11-07 02:46:02.967433,0.378977262679022,45.533128178890024,8.074506067579378,0
2025-11-07 02:46:04.967433,0.4148250621644761,47.51906118529487,7.860845695140979,0
2025-11-07 02:46:06.967433,0.3453119103604973,46.47296727339513,7.709338456340113,0
2025-11-07 02:46:08.967433,0.43071864264931714,45.397036960485046,7.769209258754814,0
2025-11-07 02:46:10.967433,0.4503564895013389,44.46674438177231,8.411880986702348,0
2025-11-07 02:46:12.967433,0.42080347327531437,47.116996174706934,7.804686290065126,0
2025-11-07 02:46:14.967433,0.39006109204804706,44.7003925050002,7.930544582005818,0
2025-11-07 02:46:16.967433,0.4337488670395058,45.342765117038944,7.761033731179233,0
2025-11-07 02:46:18.967433,0.40119090905766763,47.19940221392422,8.072763699086307,0
2025-11-07 02:46:20.967433,0.3726799310198068,45.85109921674049,8.369705145532185,0
2025-11-07 02:46:22.967433,0.3598431219920098,43.66929391882051,8.292916379975336,0
2025-11-07 02:46:24.967433,0.38977546635558025,46.92090492077576,8.003800757493446,0
2025-11-07 02:46:26.967433,0.46163033650836754,46.091969752564175,8.198322397086447,0
2025-11-07 02:46:28.967433,0.374360316976116,47.69919290172101,7.938504238006019,0
2025-11-07 02:46:30.967433,0.36206600315348897,44.249445918989274,8.004657213483025,0
2025-11-07 02:46:32.967433,0.43903344749543194,44.146276375122966,8.28399910307076,0
2025-11-07 02:46:34.967433,0.41082033048781663,45.890911295160564,8.066040464730765,0
2025-11-07 02:46:36.967433,0.4171045799459233,44.85665905922917,7.900521260520877,0
2025-11-07 02:46:38.967433,0.4456124774658607,46.53686192112868,8.08370771814936,0
2025-11-07 02:46:40.967433,0.330963646309815,45.351765606469996,7.631838400359468,0
2025-11-07 02:46:42.967433,0.4659428930117844,45.25059107071612,8.571249131714481,0
2025-11-07 02:46:44.967433,0.4406869496810097,46.501550309214814,7.94147168287989,0
2025-11-07 02:46:46.967433,0.4753934217348943,46.77080618551358,8.278861620127513,0
2025-11-07 02:46:48.967433,0.41820479880189393,41.972463449004664,8.146514481996352,0
2025-11-07 02:46:50.967433,0.3661637334283755,46.21393876558001,8.195470174035606,0
2025-11-07 02:46:52.967433,0.4153753365706297,45.67895159534032,8.408921611256222,0
2025-11-07 02:46:54.967433,0.3809074276201519,45.10369094243751,8.677524256186084,0
2025-11-07 02:46:56.967433,0.468346600043844,46.88649838621465,8.01576482217009,0
2025-11-07 02:46:58.967433,0.37780291267142063,44.23997791946017,8.024533743709883,0
2025-11-07 02:47:00.967433,0.4924599701298631,44.701467342219324,8.423051925555557,0
2025-11-07 02:47:02.967433,0.429641904389124,46.51245261172737,7.654941340416243,0
2025-11-07 02:47:04.967433,0.4247659290173978,48.47737671673906,8.138690166059275,0
2025-11-07 02:47:06.967433,0.3937958783275258,44.000619655307695,7.758716049186892,0
2025-11-07 02:47:08.967433,0.44654812792868415,44.14315713572055,7.970002677188363,0
2025-11-07 02:47:10.967433,0.4371885028263971,45.536575150804154,7.701460435524827,0
2025-11-07 02:47:12.967433,0.3963459036213727,46.59005303772303,8.212865097335442,0
2025-11-07 02:47:14.967433,0.38880149806849396,47.008039176072515,8.607499126693273,0
2025-11-07 02:47:16.967433,0.34794596356779395,43.745202993747036,7.951223159079166,0
2025-11-07 02:47:18.967433,0.46444079908217045,44.24947303879269,7.895126040832304,0
2025-11-07 02:47:20.967433,0.4387631809437874,45.90119633829911,8.012356516249818,0
2025-11-07 02:47:22.967433,0.4137762708616494,45.15481692387428,7.95117321146828,0
2025-11-07 02:47:24.967433,0.4161541829830082,45.11662135643901,7.944612941328451,0
2025-11-07 02:47:26.967433,0.40827564492127866,44.215011515788035,7.700362156688177,0
2025-11-07 02:47:28.967433,0.43065466124634505,42.95495484333055,7.478696526902304,0
2025-11-07 02:47:30.967433,0.35546458818336524,44.16219630025641,7.9258563435927405,0
2025-11-07 02:47:32.967433,0.4400932908088898,46.42715021182413,7.971180513095136,0
2025-11-07 02:47:34.967433,0.37672793976322627,42.940958618134964,7.39601689633101,0
2025-11-07 02:47:36.967433,0.32689231734392316,43.03447361830148,7.398265632845078,0
2025-11-07 02:47:38.967433,0.4478039159221813,45.68628330087154,8.188142215010684,0
2025-11-07 02:47:40.967433,0.41993349898347004,46.14401277104284,7.510355024919916,0
2025-11-07 02:47:42.967433,0.39127993122661875,45.59033336198745,7.9638134072127205,0
2025-11-07 02:47:44.967433,0.3364666651993866,44.90179433607518,7.748129834186183,0
2025-11-07 02:47:46.967433,0.3675113669969899,45.80983818523503,7.915898895812841,0
2025-11-07 02:47:48.967433,0.3311869567376453,47.057157713208895,7.954700022893235,0
2025-11-07 02:47:50.967433,0.3642210966175276,47.36016815571864,7.682628732676642,0
2025-11-07 02:47:52.967433,0.40614554623328863,43.5798350021703,7.823498800836062,0
2025-11-07 02:47:54.967433,0.38328604717579745,46.73978326316262,7.847526014381249,0
2025-11-07 02:47:56.967433,0.40107768331664734,44.05696613044868,8.324724759007456,0
2025-11-07 02:47:58.967433,0.4186911140636608,43.66233991906084,8.081672413087105,0
2025-11-07 02:48:00.967433,0.3941809068378005,46.9770977519984,7.398956963474472,0
2025-11-07 02:48:02.967433,0.46102358747569677,43.35566824481774,7.533392596298108,0
2025-11-07 02:48:04.967433,0.3922781200702409,45.91017885763376,8.026439899691283,0
2025-11-07 02:48:06.967433,0.37996961313536265,43.04631836867608,8.086564038382669,0
2025-11-07 02:48:08.967433,0.36675695877031683,46.4732922800222,7.4458832759738804,0
2025-11-07 02:48:10.967433,0.4666132808588021,44.433656566012836,7.777112187639462,0
2025-11-07 02:48:12.967433,0.45407975397298334,46.29872302103925,7.386481110247308,0
2025-11-07 02:48:14.967433,0.4720223914976447,43.76135218538667,8.16452429189261,0
2025-11-07 02:48:16.967433,0.3828663217666203,42.51574079630379,8.337375966684611,0
2025-11-07 02:48:18.967433,0.38959096904853924,42.20457172188769,8.070979014930565,0
2025-11-07 02:48:20.967433,0.39176920405756877,43.36659384787732,8.057824797299464,0
2025-11-07 02:48:22.967433,0.4257065580895324,46.72004232357126,7.815797204140193,0
2025-11-07 02:48:24.967433,0.38890504916774254,46.02559175932972,7.648631743518341,0
2025-11-07 02:48:26.967433,0.4275031908006129,45.59036470945941,8.647560594451491,0
2025-11-07 02:48:28.967433,0.3832103378219953,45.71142068170649,7.4338685475991255,0
2025-11-07 02:48:30.967433,0.4552356756720843,42.56359958124055,8.044219335652814,0
2025-11-07 02:48:32.967433,0.3255336961053082,43.72063268624357,7.975363239513944,0
2025-11-07 02:48:34.967433,0.3091007512855603,45.50380875102043,8.216740654429275,0
2025-11-07 02:48:36.967433,0.381220860383865,44.04568027528736,8.404392464600042,0
2025-11-07 02:48:38.967433,0.38204273648385795,48.028328482061454,7.894842360037708,0
2025-11-07 02:48:40.967433,0.4957820487846779,44.803699071569746,8.012533288761517,0
2025-11-07 02:48:42.967433,0.40424420845254083,47.753228451369196,8.118853850637187,0
2025-11-07 02:48:44.967433,0.41792827728932075,44.31819005432532,7.7814552710373315,0
2025-11-07 02:48:46.967433,0.3724217771794755,43.48827799321242,8.112901486056169,0
2025-11-07 02:48:48.967433,0.4604716344166172,44.97518373245935,8.09319434708503,0
2025-11-07 02:48:50.967433,0.3551619992062362,46.78379927505806,7.726832158426725,0
2025-11-07 02:48:52.967433,0.33104147984495363,46.44975624958253,8.321948486264267,0
2025-11-07 02:48:54.967433,0.4315721676056705,42.815606022914324,8.444329918327956,0
2025-11-07 02:48:56.967433,0.4766662829358035,46.27977805754161,8.014275149153676,0
2025-11-07 02:48:58.967433,0.358271262721464,42.86565992993383,8.273358013374192,0
2025-11-07 02:49:00.967433,0.3610754620325644,43.90833689248978,7.996608143848211,0
2025-11-07 02:49:02.967433,0.4054962784250459,44.1088356419024,7.596854838765322,0
2025-11-07 02:49:04.967433,0.3310533824745098,44.52878902599704,7.54137942518634,0
2025-11-07 02:49:06.967433,0.3839169177627703,46.83504765821115,8.262130929057601,0
2025-11-07 02:49:08.967433,0.42896089539348004,45.13858923808967,8.367169235252641,0
2025-11-07 02:49:10.967433,0.43698668783067507,44.60543867681079,7.727912906401012,0
2025-11-07 02:49:12.967433,0.34664657025869633,43.683249265027115,7.698835962744605,0
2025-11-07 02:49:14.967433,0.4712345275114774,47.62172399976508,7.862077199614118,0
2025-11-07 02:49:16.967433,0.3762686923839404,46.0500294405405,8.081349159267086,0
2025-11-07 02:49:18.967433,0.40926073824698306,43.27805814541302,7.569718684792812,0
2025-11-07 02:49:20.967433,0.3858434482707531,45.02165769129222,7.926994085629868,0
2025-11-07 02:49:22.967433,0.3591747485660702,45.6308173160902,8.295939999514953,0
2025-11-07 02:49:24.967433,0.39197062639178,42.49362766937071,8.439135260521594,0
2025-11-07 02:49:26.967433,0.3782469401887205,46.132014005228946,7.92690004258199,0
2025-11-07 02:49:28.967433,0.41306070068859313,46.779659231276646,7.276652519043965,0
2025-11-07 02:49:30.967433,0.28763311225518906,45.86252162573635,8.297366176632599,0
2025-11-07 02:49:32.967433,0.4254792639226946,44.606436388324475,8.405966456282764,0
2025-11-07 02:49:34.967433,0.3879374790314065,42.19260677825147,7.958538866842261,0
2025-11-07 02:49:36.967433,0.3843733618774756,47.683552521721914,7.907243677125828,0
2025-11-07 02:49:38.967433,0.5548483888987923,46.13654304037338,7.922660359766624,0
2025-11-07 02:49:40.967433,0.34965417878269456,43.53671456447414,8.280383334356946,0
2025-11-07 02:49:42.967433,0.38254688359591904,46.275618694604624,8.013183811503522,0
2025-11-07 02:49:44.967433,0.38047186597034044,46.76023845026184,7.9548263785264135,0
2025-11-07 02:49:46.967433,0.4424862559503263,44.291333298103204,7.337085578463834,0
2025-11-07 02:49:48.967433,0.4402042213598332,44.86302130515,7.489438021541741,0
2025-11-07 02:49:50.967433,0.4317030006461322,49.02018844642021,8.354252752252554,0
2025-11-07 02:49:52.967433,0.3526943525262855,43.830658730984545,8.42054823783626,0
2025-11-07 02:49:54.967433,0.37514037493414554,41.76532765353597,7.540807633555656,0
2025-11-07 02:49:56.967433,0.37501698105206527,48.19631493879518,7.932995986643629,0
2025-11-07 02:49:58.967433,0.3354967984240117,44.287957461500895,7.558532126344396,0
2025-11-07 02:50:00.967433,0.41508996102750795,46.636763484127506,8.252517716201085,0
2025-11-07 02:50:02.967433,0.38538272505609594,44.27221233309145,7.748779153338076,0
2025-11-07 02:50:04.967433,0.4043054849857916,42.3247310461421,8.346691115998713,0
2025-11-07 02:50:06.967433,0.4801417016360007,43.71469331309105,7.773773509693225,0
2025-11-07 02:50:08.967433,0.3613220661652147,44.503151082900224,7.943946255482712,0
2025-11-07 02:50:10.967433,0.40801321661025103,46.15097003872328,8.213597837854802,0
2025-11-07 02:50:12.967433,0.4577666498408441,44.99365233207164,8.113163262993682,0
2025-11-07 02:50:14.967433,0.395363586892651,46.74236814829992,7.885861452045707,0
2025-11-07 02:50:16.967433,0.44247861932323135,46.88439235192832,7.827587058089091,0
2025-11-07 02:50:18.967433,0.3616948182456759,42.44201305356103,7.8833961442501055,0
2025-11-07 02:50:20.967433,0.39522960248026445,45.180052481179985,7.6863351065471575,0
2025-11-07 02:50:22.967433,0.3688118326438494,43.81302763971062,8.286361851051472,0
2025-11-07 02:50:24.967433,0.4011841110092497,44.73730221302168,8.055358834825311,0
2025-11-07 02:50:26.967433,0.36617694252521577,43.139377557039225,7.484406883118881,0
2025-11-07 02:50:28.967433,0.4006217057226017,45.13327416475889,7.94571757099792,0
2025-11-07 02:50:30.967433,0.35055589904632384,45.97160468334029,7.974040776669857,0
2025-11-07 02:50:32.967433,0.417147742940356,46.10182821720406,8.22699391309372,0
2025-11-07 02:50:34.967433,0.44785188776727886,45.359642340653075,8.032551846393881,0
2025-11-07 02:50:36.967433,0.4275080946142592,47.79666983776687,7.692716367808817,0
2025-11-07 02:50:38.967433,0.359944213073875,43.598156837399316,8.325394901616072,0
2025-11-07 02:50:40.967433,0.4139733693510797,45.43865509307954,8.016165655987747,0
2025-11-07 02:50:42.967433,0.4467883658865361,47.030282796680694,7.494664192952142,0
2025-11-07 02:50:44.967433,0.38264241250469666,42.306434756726844,7.829585846780919,0
2025-11-07 02:50:46.967433,0.3221836178295214,43.33028998709532,7.771853474685511,0
2025-11-07 02:50:48.967433,0.3520194936115887,43.99619954265209,8.309759738333247,0
2025-11-07 02:50:50.967433,0.48956796689458915,45.688206211222365,8.209740137706689,0
2025-11-07 02:50:52.967433,0.4664647306640957,44.886188971611745,7.773922837125758,0
2025-11-07 02:50:54.967433,0.475081319852796,46.48129496588753,8.06276932628386,0
2025-11-07 02:50:56.967433,0.3571460158968945,46.32533256702595,8.138614343567887,0
2025-11-07 02:50:58.967433,0.42012061122697036,43.11692369280664,8.434281921973433,0
2025-11-07 02:51:00.967433,0.3031347451958454,45.61141863136597,7.976723916959131,0
2025-11-07 02:51:02.967433,0.33671717875371765,47.98426693263317,7.522209177352382,0
2025-11-07 02:51:04.967433,0.37381243497488803,45.23191153242633,8.534849106839816,0
2025-11-07 02:51:06.967433,0.3418276604235414,45.115890397518996,7.489578372847427,0
2025-11-07 02:51:08.967433,0.4331094957408663,46.031707627910286,8.111602704447309,0
2025-11-07 02:51:10.967433,0.43705940083474154,44.81103641537435,7.777692639650965,0
2025-11-07 02:51:12.967433,0.5316827892709525,44.37583172488572,7.803552015418902,0
2025-11-07 02:51:14.967433,0.43572374348249315,45.223307582790454,7.638993048393629,0
2025-11-07 02:51:16.967433,0.3672391080537315,44.727273840463724,8.014855144470696,0
2025-11-07 02:51:18.967433,0.40148472798128926,44.57903536850967,8.005020118299175,0
2025-11-07 02:51:20.967433,0.4324357209326777,43.561323767100504,8.66877995385946,0
2025-11-07 02:51:22.967433,0.42603258238001757,46.00504798295038,8.096252700547716,0
2025-11-07 02:51:24.967433,0.3727100443451042,46.21785614906808,7.90110783580785,0
2025-11-07 02:51:26.967433,0.3883011394554878,44.52625575220124,7.83893691209703,0
2025-11-07 02:51:28.967433,0.3923912430827978,45.151348927295615,7.69761992926442,0
2025-11-07 02:51:30.967433,0.3695258670013517,46.335195863492736,7.897851701078737,0
2025-11-07 02:51:32.967433,0.3842306560642874,43.76554005494341,8.31578651208129,0
2025-11-07 02:51:34.967433,0.4366903405333806,43.695676394277314,8.37028580750052,0
2025-11-07 02:51:36.967433,0.4137234002396078,45.02525039178742,8.390719955054607,0
2025-11-07 02:51:38.967433,0.4123218704191872,46.403253991486736,7.62640627541452,0
2025-11-07 02:51:40.967433,0.4494824315002449,42.57087014793277,8.581307950199676,0
2025-11-07 02:51:42.967433,0.4121903419768281,46.85005155188846,8.045309469130487,0
2025-11-07 02:51:44.967433,0.47977283632854517,44.86713008179896,7.451719907453387,0
2025-11-07 02:51:46.967433,0.4451159536044815,42.043978302515036,7.98804174773079,0
2025-11-07 02:51:48.967433,0.38732201808841416,44.68819814469052,7.762546839280007,0
2025-11-07 02:51:50.967433,0.3881562129432489,43.494859676056954,8.157730944421496,0
2025-11-07 02:51:52.967433,0.4361968478349686,45.38785087566622,7.622088713613738,0
2025-11-07 02:51:54.967433,0.4048052712764727,48.013340023982266,7.8990772962890405,0
2025-11-07 02:51:56.967433,0.32842454679607624,43.12618291531008,8.238426343569127,0
2025-11-07 02:51:58.967433,0.41958769361843445,44.244604155115084,8.129515676340803,0
2025-11-07 02:52:00.967433,0.47717801918355846,44.62260240802578,8.36444534353106,0
2025-11-07 02:52:02.967433,0.36271582387126183,45.59844575622807,8.256187691620026,0
2025-11-07 02:52:04.967433,0.41135637783075407,44.33479818948259,8.106704758891247,0
2025-11-07 02:52:06.967433,0.53735638869823,46.89596319441489,7.774899358630013,0
2025-11-07 02:52:08.967433,0.4697972695101836,46.65356977721397,8.053255612448305,0
2025-11-07 02:52:10.967433,0.40547606692492816,45.014881659955655,7.783240056461295,0
2025-11-07 02:52:12.967433,0.45050803434252923,44.64444255056023,7.985990941175565,0
2025-11-07 02:52:14.967433,0.3484205522815373,44.15025628139023,8.136456983107047,0
2025-11-07 02:52:16.967433,0.4424275578687585,45.44503476330189,7.857861121555094,0
2025-11-07 02:52:18.967433,0.47031556701268845,47.89664355424731,8.214699197704235,0
2025-11-07 02:52:20.967433,0.3781179399774406,41.699916588296105,7.254467702370878,0
2025-11-07 02:52:22.967433,0.3898060524117439,46.41207028409862,8.178544117320271,0
2025-11-07 02:52:24.967433,0.4436671606248476,45.43822711775445,8.246430234999321,0
2025-11-07 02:52:26.967433,0.3715626312200272,44.05300552008598,8.03370828420684,0
2025-11-07 02:52:28.967433,0.3504273438157355,45.367051827058965,8.187526607749252,0
2025-11-07 02:52:30.967433,0.4161502125451539,45.27990379900666,8.056652827889708,0
2025-11-07 02:52:32.967433,0.4933957332667948,45.51826309705372,8.105965170492667,0
2025-11-07 02:52:34.967433,0.38422767019734466,44.391099319626214,8.351282133137202,0
2025-11-07 02:52:36.967433,0.39839529337890384,41.19135594171467,7.806904801721815,0
2025-11-07 02:52:38.967433,0.48141545883371,46.37172015175392,7.986023857381829,0
2025-11-07 02:52:40.967433,0.33385376203647904,45.92434717837671,7.8185884851661465,0
2025-11-07 02:52:42.967433,0.3350053522827229,46.724392400337464,7.847233681122904,0
2025-11-07 02:52:44.967433,0.46982334511077267,44.85838156729676,8.269869527494459,0
2025-11-07 02:52:46.967433,0.3983318381378838,44.72446763727193,7.713434557068059,0
2025-11-07 02:52:48.967433,0.3160645528875766,44.908486717599246,8.008987618643022,0
2025-11-07 02:52:50.967433,0.44829972616020597,43.21168016521555,8.146775986425025,0
2025-11-07 02:52:52.967433,0.3912895132653165,44.73579534525027,7.299136631155628,0
2025-11-07 02:52:54.967433,0.36451173161544304,43.16579681325318,7.9962383641009,0
2025-11-07 02:52:56.967433,0.36505321317381506,43.40397898617768,8.42613910095648,0
2025-11-07 02:52:58.967433,0.46024459871199885,45.817229321041275,7.858215927494589,0
2025-11-07 02:53:00.967433,0.4995730704164734,47.4265287096451,8.078623263941171,0
2025-11-07 02:53:02.967433,0.44633943629797157,44.37072645365486,8.217138822786138,0
2025-11-07 02:53:04.967433,0.3598387412644465,44.02315563355081,8.155185791477422,0
2025-11-07 02:53:06.967433,0.3287350801711275,44.045746646738316,8.056509152643502,0
2025-11-07 02:53:08.967433,0.4083197005351378,44.771650474512214,8.046406863600192,0
2025-11-07 02:53:10.967433,0.39859707595632315,44.7224507828257,8.112913410503026,0
2025-11-07 02:53:12.967433,0.4114394376054157,47.31409983602388,8.000636812624553,0
2025-11-07 02:53:14.967433,0.3708112906177106,46.34970982688616,7.933148988102884,0
2025-11-07 02:53:16.967433,0.3251466686907999,45.95088081646201,7.871195736292269,0
2025-11-07 02:53:18.967433,0.3778608875016157,43.01265407966303,7.812771215461039,0
2025-11-07 02:53:20.967433,0.4392829244680164,45.92921512517332,7.9169017934051755,0
2025-11-07 02:53:22.967433,0.344141471494044,48.10673338135532,7.938675141654143,0
2025-11-07 02:53:24.967433,0.3895240343979803,44.87238602700357,8.055101225143714,0
2025-11-07 02:53:26.967433,0.2700000427581519,46.862664346073835,8.165641126602273,0
2025-11-07 02:53:28.967433,0.4737222559525746,46.49597104023623,8.37689789966191,0
2025-11-07 02:53:30.967433,0.4070119411580307,43.776793933736414,7.773384832136404,0
2025-11-07 02:53:32.967433,0.31432432665464294,47.98889266578119,7.667917173575497,0
2025-11-07 02:53:34.967433,0.4636051888803839,44.354257321398975,8.177357875969351,0
2025-11-07 02:53:36.967433,0.3642471322240104,46.21070077594755,7.441870405662844,0
2025-11-07 02:53:38.967433,0.3683718309326765,44.570508084657654,8.036749323587127,0
2025-11-07 02:53:40.967433,0.4693677704447682,45.449001863827846,8.131610560833902,0
2025-11-07 02:53:42.967433,0.24093254051692872,44.35511711657169,8.214793159235892,0
2025-11-07 02:53:44.967433,0.3380785464889729,45.23852696862153,8.484155645280332,0
2025-11-07 02:53:46.967433,0.23038570192854052,46.32638416245864,7.936306862723054,0
2025-11-07 02:53:48.967433,0.32813498713302525,46.19241595742684,8.262397888739013,0
2025-11-07 02:53:50.967433,0.4374204807983271,44.38134084105355,8.384023324724412,0
2025-11-07 02:53:52.967433,0.34195765179514437,43.80798210877526,7.551142458760874,0
2025-11-07 02:53:54.967433,0.44858668771780597,45.248527724831725,7.86666658196805,0
2025-11-07 02:53:56.967433,0.4708700163309777,42.349116965256776,7.744082099465836,0
2025-11-07 02:53:58.967433,0.3228151745139431,43.73167939392337,8.167351757053401,0
2025-11-07 02:54:00.967433,0.3308783144467652,44.76113648028807,8.538086831053059,0
2025-11-07 02:54:02.967433,0.44911440915620104,46.16834083805895,8.402464199233933,0
2025-11-07 02:54:04.967433,0.4477834492243449,42.946513509783124,8.540638371961633,0
2025-11-07 02:54:06.967433,0.2890435319870224,43.951800218569865,8.43732040333643,0
2025-11-07 02:54:08.967433,0.36649005125232686,45.43804580170387,7.593388956131651,0
2025-11-07 02:54:10.967433,0.41745607123296874,45.06161862211747,7.722410142083747,0
2025-11-07 02:54:12.967433,0.3673322142899633,43.93421738056821,8.318641754706908,0
2025-11-07 02:54:14.967433,0.4511999415357062,46.36828416951668,7.904616558560309,0
2025-11-07 02:54:16.967433,0.40764649399293357,47.19365818210479,7.92967255426646,0
2025-11-07 02:54:18.967433,0.3943913099713602,46.46672387793683,7.646714675445372,0
2025-11-07 02:54:20.967433,0.3285411157254283,45.17508784087487,7.632642115545409,0
2025-11-07 02:54:22.967433,0.4007931394924238,45.5660048089225,7.9124984457957845,0
2025-11-07 02:54:24.967433,0.39740881353155527,47.046820394284666,8.142792576008699,0
2025-11-07 02:54:26.967433,0.2640818743277178,44.77049343018485,8.497407783851154,0
2025-11-07 02:54:28.967433,0.30251518948134315,46.899606384128134,8.38883729054213,0
2025-11-07 02:54:30.967433,0.3437130451331157,45.1673750984691,7.894279825145063,0
2025-11-07 02:54:32.967433,0.3190639614634625,44.06464314671422,7.820356657182306,0
2025-11-07 02:54:34.967433,0.3612166986201393,45.018371497287184,7.674284773529742,0
2025-11-07 02:54:36.967433,0.3693411997006416,44.49313899620219,8.308140996684253,0
2025-11-07 02:54:38.967433,0.3331426781023958,44.1657189055756,7.849897046901807,0
2025-11-07 02:54:40.967433,0.41837177682639914,45.26716904308989,8.046919326721095,0
2025-11-07 02:54:42.967433,0.43744337947416695,43.555672715726416,8.068648858529794,0
2025-11-07 02:54:44.967433,0.36238023925386764,46.36671749687641,7.8846422272481345,0
2025-11-07 02:54:46.967433,0.5042636652171114,48.878827841689045,8.399087197189164,0
2025-11-07 02:54:48.967433,0.35380721177557095,45.60195988880353,8.115912782182933,0
2025-11-07 02:54:50.967433,0.35147958781392297,47.24086214121385,7.853854588539008,0
2025-11-07 02:54:52.967433,0.34289543242142245,44.42548536523698,7.9899567981516055,0
2025-11-07 02:54:54.967433,0.4100103791466347,44.687235120656716,8.329615901257766,0
2025-11-07 02:54:56.967433,0.3852523126000914,45.574257032740114,8.244392760156803,0
2025-11-07 02:54:58.967433,0.4094219596880183,44.601921739622234,8.008101499292447,0
2025-11-07 02:55:00.967433,0.41764567658173213,44.166154473881036,7.7010271225809355,0
2025-11-07 02:55:02.967433,0.4200964436533325,43.96133152739236,8.065519478038794,0
2025-11-07 02:55:04.967433,0.35069989370267124,45.31244981178203,7.7886541360631405,0
2025-11-07 02:55:06.967433,0.33706245249471156,45.87817894568539,8.238570108224732,0
2025-11-07 02:55:08.967433,0.40772994676160884,45.89658195925596,8.107577790159445,0
2025-11-07 02:55:10.967433,0.3782310017196425,46.161297585229384,7.940666188064462,0
2025-11-07 02:55:12.967433,0.4656499734310746,43.89539592543137,7.813904365993701,0
2025-11-07 02:55:14.967433,0.39258950313803076,44.72954767611958,8.266035608191654,0
2025-11-07 02:55:16.967433,0.38667793581340726,43.06606062296624,8.440914875389227,0
2025-11-07 02:55:18.967433,0.3045031645133678,46.662605902683296,8.183379928810307,0
2025-11-07 02:55:20.967433,0.36319850728593367,43.44688342748991,8.282622172540758,0
2025-11-07 02:55:22.967433,0.3151142144481754,45.394575273794324,7.683378354959998,0
2025-11-07 02:55:24.967433,0.38356946255616975,42.77515980514161,8.194143860664106,0
2025-11-07 02:55:26.967433,0.34546620600274214,45.113164630126306,7.8099031720848044,0
2025-11-07 02:55:28.967433,0.3617470481103748,45.38809341955291,7.84776141367948,0
2025-11-07 02:55:30.967433,0.46407107321031404,46.17995699540305,7.770116170607466,0
2025-11-07 02:55:32.967433,0.2999757828948987,45.83207215918713,8.15654435512684,0
2025-11-07 02:55:34.967433,0.4552606506526117,46.24772426564087,7.693214798179323,0
2025-11-07 02:55:36.967433,0.35804288912217147,43.83081653250467,7.794909183243269,0
2025-11-07 02:55:38.967433,0.3356033336595469,46.08635087887569,8.642721189795944,0
2025-11-07 02:55:40.967433,0.46670767058564033,46.48334002122766,7.517766723694533,0
2025-11-07 02:55:42.967433,0.4321044659454058,43.67171850200009,7.85904320882426,0
2025-11-07 02:55:44.967433,0.47717352730081103,43.18467243469141,8.292821456629081,0
2025-11-07 02:55:46.967433,0.44314345658055593,41.46514966498558,8.40100871406408,0
2025-11-07 02:55:48.967433,0.3222882410383353,45.02272227860361,8.521636119319947,0
2025-11-07 02:55:50.967433,0.41059758157393866,48.75887417973252,8.044259211688212,0
2025-11-07 02:55:52.967433,0.3282755283529966,45.314265526927464,8.094453534288952,0
2025-11-07 02:55:54.967433,0.3845231100960348,43.44108108269465,7.467517389717576,0
2025-11-07 02:55:56.967433,0.5157281915491571,43.067272160342135,7.190945114299442,0
2025-11-07 02:55:58.967433,0.4470164817608951,44.981715707815574,7.608078840490255,0
2025-11-07 02:56:00.967433,0.3852740628710797,44.01620980514739,8.253934841397163,0
2025-11-07 02:56:02.967433,0.3579263824461143,44.995397348224586,8.151260613448809,0
2025-11-07 02:56:04.967433,0.38950311323496256,44.08875715309204,8.174476042729697,0
2025-11-07 02:56:06.967433,0.4371803807834032,43.92649508008046,8.066124929806106,0
2025-11-07 02:56:08.967433,0.45981949549737205,45.04110766201536,8.49889000735603,0
2025-11-07 02:56:10.967433,0.3554041695046699,46.915245535129,7.803508278925158,0
2025-11-07 02:56:12.967433,0.4285879171269322,46.90233619098898,7.7859892255303915,0
2025-11-07 02:56:14.967433,0.36370839759875995,43.397767727215744,7.817619640484406,0
2025-11-07 02:56:16.967433,0.4180961735286245,45.58129293842557,8.000975222640388,0
2025-11-07 02:56:18.967433,0.5067161748742084,43.77079464534072,7.767422819553848,0
2025-11-07 02:56:20.967433,0.4821958772625989,45.45804615786948,7.927862454204745,0
2025-11-07 02:56:22.967433,0.4015171149272623,43.91434061052909,7.979919782742952,0
2025-11-07 02:56:24.967433,0.4542336887171183,43.898879549528544,7.996348565996225,0
2025-11-07 02:56:26.967433,0.401544579924999,45.926739185866786,8.32904682723155,0
2025-11-07 02:56:28.967433,0.3909662652415287,45.70889515680201,7.97784128231492,0
2025-11-07 02:56:30.967433,0.42581569294167493,43.771698094999216,8.387770139825767,0
2025-11-07 02:56:32.967433,0.3882938327724787,46.07857306831753,7.941065847138804,0
2025-11-07 02:56:34.967433,0.4185221401611145,43.908629549750415,7.818565085432295,0
2025-11-07 02:56:36.967433,0.4198348875012821,44.11074493559448,8.48821971631609,0
2025-11-07 02:56:38.967433,0.36830742810605893,45.26892053684268,7.942805382556045,0
2025-11-07 02:56:40.967433,0.38760970282310714,45.369599123798416,8.357797187892475,0
2025-11-07 02:56:42.967433,0.34812402202749704,45.70726933165442,8.100297484388419,0
2025-11-07 02:56:44.967433,0.3236414969642895,43.54399925291202,7.94125853657809,0
2025-11-07 02:56:46.967433,0.5149022728494874,45.32900332484498,7.573727675627822,0
2025-11-07 02:56:48.967433,0.41059499508208375,44.775522323020326,7.989499289268393,0
2025-11-07 02:56:50.967433,0.4347881401796528,42.93396454015784,8.245232818402204,0
2025-11-07 02:56:52.967433,0.4674629185866788,45.31978078695477,7.9478468276568535,0
2025-11-07 02:56:54.967433,0.358740345146476,46.31462594179832,8.028598305985666,0
2025-11-07 02:56:56.967433,0.4994569298165112,46.51013492672193,7.44529250583429,0
2025-11-07 02:56:58.967433,0.36900793913263197,42.847418275619326,7.772338191079555,0
2025-11-07 02:57:00.967433,0.38431545447275883,43.26315300269689,7.955171108874753,0
2025-11-07 02:57:02.967433,0.38793266788840564,45.5492732177083,7.762790261317517,0
2025-11-07 02:57:04.967433,0.3548623243341758,45.07806864243792,8.080191023222877,0
2025-11-07 02:57:06.967433,0.508429561951213,47.43044532407603,7.172273478814125,0
2025-11-07 02:57:08.967433,0.40439682355787065,46.592875184185075,8.420618906131295,0
2025-11-07 02:57:10.967433,0.4520006294257307,43.80996987711906,8.727054972718584,0
2025-11-07 02:57:12.967433,0.3985102637575254,44.11212866019907,7.969367197928992,0
2025-11-07 02:57:14.967433,0.49796012695145914,43.534433060978465,7.9614380524462485,0
2025-11-07 02:57:16.967433,0.44475649111769217,42.09110248085292,8.093766461256683,0
2025-11-07 02:57:18.967433,0.3894992521209054,43.914868425108914,8.145994102167885,0
2025-11-07 02:57:20.967433,0.37710052625083984,45.438225740764494,8.230131411130323,0
2025-11-07 02:57:22.967433,0.3808055185893637,42.80407644624464,8.389773887198492,0
2025-11-07 02:57:24.967433,0.35916112926018023,45.9674072763517,7.671622183805068,0
2025-11-07 02:57:26.967433,0.40781548733644457,43.65488601276731,7.8335939041966745,0
2025-11-07 02:57:28.967433,0.4172299582119282,45.25015460306953,8.085292515643953,0
2025-11-07 02:57:30.967433,0.40430697514007846,44.62201318388787,8.425983750586049,0
2025-11-07 02:57:32.967433,0.3435001514147917,44.92547500479239,8.00157409361048,0
2025-11-07 02:57:34.967433,0.3391572520215403,44.940724532266934,8.72128935535854,0
2025-11-07 02:57:36.967433,0.38254081929058487,45.542349437982004,7.79488899308649,0
2025-11-07 02:57:38.967433,0.3143754033579716,45.31963933110002,7.774157661779859,0
2025-11-07 02:57:40.967433,0.4622267578210839,46.40345279261488,8.17216333881759,0
2025-11-07 02:57:42.967433,0.4261199756661903,46.127692114788175,8.394151005912557,0
2025-11-07 02:57:44.967433,0.399007046534007,47.94668165742721,8.131530588879643,0
2025-11-07 02:57:46.967433,0.37005963001362824,44.78914643811364,7.305752173304258,0
2025-11-07 02:57:48.967433,0.33923543260220945,45.107485371290586,7.912371231182177,0
2025-11-07 02:57:50.967433,0.3903768831676427,46.23014543313597,7.738460525156622,0
2025-11-07 02:57:52.967433,0.4118227765524174,45.31931563394633,7.687481953941528,0
2025-11-07 02:57:54.967433,0.4572350301147094,45.67191535435437,8.086560126829374,0
2025-11-07 02:57:56.967433,0.34628575717692867,45.36448787749222,7.568275616641241,0
2025-11-07 02:57:58.967433,0.4839096203816494,47.024282248093904,7.800391675573306,0
2025-11-07 02:58:00.967433,0.37946391397629475,44.66958591062343,8.558909624444778,0
2025-11-07 02:58:02.967433,0.39470460768533266,45.996835261135196,8.687718052824751,0
2025-11-07 02:58:04.967433,0.32702915039866276,47.89436098158215,7.909211269735271,0
2025-11-07 02:58:06.967433,0.3813724244625969,45.73411010330849,8.001476852548283,0
2025-11-07 02:58:08.967433,0.4388963423849084,44.388697830191525,7.908960958914022,0
2025-11-07 02:58:10.967433,0.320897203295823,45.04063913573254,7.469355636524916,0
2025-11-07 02:58:12.967433,0.38967018240621665,45.655960750155344,8.000747605112151,0
2025-11-07 02:58:14.967433,0.3939423327639626,45.02860472844883,8.175892188614439,0
2025-11-07 02:58:16.967433,0.47639287824573134,46.22967557464764,8.137610728536082,0
2025-11-07 02:58:18.967433,0.3846640233351043,44.1461349703638,8.007769949756355,0
2025-11-07 02:58:20.967433,0.402265993125151,45.355731349844476,8.032816131977041,0
2025-11-07 02:58:22.967433,0.423645897792051,45.320916165334935,8.212269383301082,0
2025-11-07 02:58:24.967433,0.4528855879207596,46.58979703412219,7.874336675022201,0
2025-11-07 02:58:26.967433,0.4018243728691622,42.1986637343175,8.036294066571894,0
2025-11-07 02:58:28.967433,0.4257991376026079,43.67730841629388,8.09370487934908,0
2025-11-07 02:58:30.967433,0.4296890719694465,44.79135017548363,7.987055285591328,0
2025-11-07 02:58:32.967433,0.44247855843281547,44.65314466272166,7.711812228896326,0
2025-11-07 02:58:34.967433,0.4531015443252211,44.50846034150914,7.6154551566471005,0
2025-11-07 02:58:36.967433,0.3894149343977215,44.98523121522723,8.168108657400408,0
2025-11-07 02:58:38.967433,0.41079490012644454,41.47975094983581,7.837660883708727,0
2025-11-07 02:58:40.967433,0.4625554698086889,45.62996838266045,8.041517668040852,0
2025-11-07 02:58:42.967433,0.4872439856994183,44.943245190051464,7.812451858873852,0
2025-11-07 02:58:44.967433,0.4804516159899586,47.019627199674794,7.861084398467289,0
2025-11-07 02:58:46.967433,0.45946131370088733,43.641610845483235,7.590963627898588,0
2025-11-07 02:58:48.967433,0.3729939044361355,44.0765354220004,8.264744313722842,0
2025-11-07 02:58:50.967433,0.506056218022975,44.079370572121476,8.06804499816352,0
2025-11-07 02:58:52.967433,0.5085676797268243,45.136663273402235,7.695921892212776,0
2025-11-07 02:58:54.967433,0.4730413717247934,47.589426862885595,8.307588085045918,0
2025-11-07 02:58:56.967433,0.4742544331857247,46.06610989366348,7.835898585655759,0
2025-11-07 02:58:58.967433,0.40109732545112187,45.49204893685239,7.736613927808716,0
2025-11-07 02:59:00.967433,0.44540006472797744,43.80237241480028,7.615104546006564,0
2025-11-07 02:59:02.967433,0.3348677414070779,46.49032198759516,7.451996071912485,0
2025-11-07 02:59:04.967433,0.4148893758241706,43.62458939764783,7.764384682354538,0
2025-11-07 02:59:06.967433,0.3414667057723456,45.11660935863555,8.268642018707919,0
2025-11-07 02:59:08.967433,0.3435498996517287,41.07750423905756,8.35196249822072,0
2025-11-07 02:59:10.967433,0.3934074324140763,46.123422013287055,7.957961715511224,0
2025-11-07 02:59:12.967433,0.40024084666682563,43.40239266523934,7.895706173565569,0
2025-11-07 02:59:14.967433,0.4239430750949453,46.05528436614235,8.192657025360688,0
2025-11-07 02:59:16.967433,0.43010240279769113,45.10282416109169,7.7436564180516605,0
2025-11-07 02:59:18.967433,0.4983052137076103,46.7882403570953,8.002298855070961,0
2025-11-07 02:59:20.967433,0.4434555061624545,42.39282422292134,8.063560388978571,0
2025-11-07 02:59:22.967433,0.5118982133823481,48.03954378912765,7.974982671764187,0
2025-11-07 02:59:24.967433,0.4454766602503449,44.80496691612044,7.929416511481988,0
2025-11-07 02:59:26.967433,0.4144799328137571,46.4118687072385,7.62702246307261,0
2025-11-07 02:59:28.967433,0.34559689779732744,44.80244300947048,7.8615415745661785,0
2025-11-07 02:59:30.967433,0.5077747849320887,45.898709856508255,7.7636369222047925,0
2025-11-07 02:59:32.967433,0.5137280103007259,42.93084947525397,8.587274833413138,0
2025-11-07 02:59:34.967433,0.4054604982398774,43.70766063985155,7.296011481515916,0
2025-11-07 02:59:36.967433,0.42151533287394766,44.241750071648624,8.457381377675691,0
2025-11-07 02:59:38.967433,0.5155347977729734,44.3279531028934,8.491018921929356,0
2025-11-07 02:59:40.967433,0.40639110226597697,44.37157241567242,7.887344187624182,0
2025-11-07 02:59:42.967433,0.5333634388453943,44.85319058618044,8.153806264796652,0
2025-11-07 02:59:44.967433,0.4182062086673587,46.296537441485555,8.461516803802636,0
2025-11-07 02:59:46.967433,0.3868022232072345,43.31626165799599,8.030646442024821,0
2025-11-07 02:59:48.967433,0.3359292321134532,45.55520522870571,8.146855639949289,0
2025-11-07 02:59:50.967433,0.357752887320572,43.83639277880894,8.551033400144057,0
2025-11-07 02:59:52.967433,0.47906655150609956,42.78276594714402,8.165144724995608,0
2025-11-07 02:59:54.967433,0.3723570419747164,45.13735688564723,7.743547410578787,0
2025-11-07 02:59:56.967433,0.4425949952424621,45.437094537876874,8.008915920563114,0
2025-11-07 02:59:58.967433,0.4741993806380447,48.341744416550604,7.845276291459162,0
2025-11-07 03:00:00.967433,0.3630479565964851,43.49683526739236,7.538767114213796,0
2025-11-07 03:00:02.967433,0.5235198321726312,42.74571969326072,7.79875389927283,0
2025-11-07 03:00:04.967433,0.36960423681148946,45.41237907671894,8.606550837367754,0
2025-11-07 03:00:06.967433,0.3974830919151091,47.46254845275924,8.229796744666965,0
2025-11-07 03:00:08.967433,0.4682877062983724,46.11645896282263,8.025460610775237,0
2025-11-07 03:00:10.967433,0.4248609955714207,45.85574020265602,7.898417589687157,0
2025-11-07 03:00:12.967433,0.4072631675348346,46.16053653780503,7.972522240923634,0
2025-11-07 03:00:14.967433,0.44619812169432593,46.378167020743184,7.6585557349130955,0
2025-11-07 03:00:16.967433,0.49114953221029983,44.28426329873864,7.8881029380552246,0
2025-11-07 03:00:18.967433,0.4961990722914224,45.690393002808825,8.236712058788303,0
2025-11-07 03:00:20.967433,0.3101523041827349,43.38037101872868,8.227371724548622,0
2025-11-07 03:00:22.967433,0.43519836281969787,43.4845587654135,8.329929476352843,0
2025-11-07 03:00:24.967433,0.4045382120425367,44.15483922267283,8.413437834602787,0
2025-11-07 03:00:26.967433,0.2903498178503216,46.411734604972885,8.425069447895961,0
2025-11-07 03:00:28.967433,0.4141136831756916,41.869239143830235,7.75695956396075,0
2025-11-07 03:00:30.967433,0.40064469400262775,46.290646039962795,8.56911936899733,0
2025-11-07 03:00:32.967433,0.37271422882487293,47.27293634182587,7.832289894187547,0
2025-11-07 03:00:34.967433,0.3232352916059224,45.16440676429423,7.641991849785202,0
2025-11-07 03:00:36.967433,0.4413998286853621,44.90947044743163,8.170982616311996,0
2025-11-07 03:00:38.967433,0.3880073717169871,43.803244377542576,7.5247320140418195,0
2025-11-07 03:00:40.967433,0.34671168464343344,45.583045348424946,7.726922490303168,0
2025-11-07 03:00:42.967433,0.3471712359461604,46.18690284314429,7.7336169417920475,0
2025-11-07 03:00:44.967433,0.43098609558655765,45.208511705737116,8.197451126122479,0
2025-11-07 03:00:46.967433,0.40416959764460625,45.34028258636154,7.965002302859972,0
2025-11-07 03:00:48.967433,0.36407230797716084,43.90622894040396,7.886578134011939,0
2025-11-07 03:00:50.967433,0.43921838768442417,46.24359644221019,8.301703613083433,0
2025-11-07 03:00:52.967433,0.33394981881299307,44.60924889539986,8.014554305103058,0
2025-11-07 03:00:54.967433,0.34342963319362474,44.77285280947883,7.687700970241546,0
2025-11-07 03:00:56.967433,0.3544778455858504,45.394080040172135,7.837447200114468,0
2025-11-07 03:00:58.967433,0.5056044191681127,44.20530507394554,8.029697002662413,0
2025-11-07 03:01:00.967433,0.4520357022090723,44.348339370589585,8.25507477573447,0
2025-11-07 03:01:02.967433,0.37387587090197294,45.185153407189155,8.097506714300257,0
2025-11-07 03:01:04.967433,0.4516974293140246,44.25353728671449,8.430401969793259,0
2025-11-07 03:01:06.967433,0.3572208154499976,43.55206125218003,8.071235890006754,0
2025-11-07 03:01:08.967433,0.3935901022590437,46.92924423697085,7.647517393862336,0
2025-11-07 03:01:10.967433,0.3825537799790307,46.24794696931049,8.48257954142476,0
2025-11-07 03:01:12.967433,0.2672595193109522,47.90483946161122,8.006987467778673,0
2025-11-07 03:01:14.967433,0.4097029845686373,45.46532445704729,7.918420885064221,0
2025-11-07 03:01:16.967433,0.39379713670915084,45.011427118321045,8.030008019510529,0
2025-11-07 03:01:18.967433,0.40626877773014647,44.8175696583502,8.012017076372697,0
2025-11-07 03:01:20.967433,0.3622864064161342,44.8988262772383,8.27171073116154,0
2025-11-07 03:01:22.967433,0.3486395715246706,42.145589611896874,8.202853186389014,0
2025-11-07 03:01:24.967433,0.46281664200111794,42.32866357531569,7.893612731176145,0
2025-11-07 03:01:26.967433,0.4108738783426597,45.912549766838396,8.517593228180385,0
2025-11-07 03:01:28.967433,0.39031255688925287,45.06631376219383,7.741928486055799,0
2025-11-07 03:01:30.967433,0.4432258982667965,42.97383320411008,8.498242428152546,0
2025-11-07 03:01:32.967433,0.3742850420670127,46.66871465668501,7.824968216014414,0
2025-11-07 03:01:34.967433,0.43083066697064903,45.0832477018915,8.100165350978918,0
2025-11-07 03:01:36.967433,0.2757747684639434,46.74129422341115,7.663946481750125,0
2025-11-07 03:01:38.967433,0.43673988226629096,44.26140901968967,8.415113221392382,0
2025-11-07 03:01:40.967433,0.40069258246050915,46.444091547234265,7.860327684855891,0
2025-11-07 03:01:42.967433,0.3992589885692702,43.89994993334936,8.073144542193473,0
2025-11-07 03:01:44.967433,0.314028389651451,43.70571615259932,8.296852905114893,0
2025-11-07 03:01:46.967433,0.3934067233038789,45.3793494616446,7.704130238669619,0
2025-11-07 03:01:48.967433,0.4970231234560275,44.88289548811951,8.752617143569454,0
2025-11-07 03:01:50.967433,0.38799406641073503,43.892543901670926,8.026668969764458,0
2025-11-07 03:01:52.967433,0.41655505352926836,43.307426758251424,8.401730289629386,0
2025-11-07 03:01:54.967433,0.30700091413321356,44.27735499865852,8.21387239058916,0
2025-11-07 03:01:56.967433,0.4334668307482615,47.59046436588702,8.35601138477401,0
2025-11-07 03:01:58.967433,0.33992733526717966,47.116979994146654,7.930625516285219,0
2025-11-07 03:02:00.967433,0.354465878024211,45.20381069184546,7.5121084936261235,0
2025-11-07 03:02:02.967433,0.46490580713974966,43.158987700483195,7.838506701840464,0
2025-11-07 03:02:04.967433,0.39280113777124187,44.623348947521826,7.91522133643868,0
2025-11-07 03:02:06.967433,0.3538442434796555,48.91752039379004,7.705397359940937,0
2025-11-07 03:02:08.967433,0.4135957504747038,41.38664330779689,7.747879206805502,0
2025-11-07 03:02:10.967433,0.4003686878454668,46.0553956398879,8.219281128265095,0
2025-11-07 03:02:12.967433,0.4245022508361998,44.516877640523084,8.159060686227118,0
2025-11-07 03:02:14.967433,0.4022603726790837,45.15667578177611,8.060884450715353,0
2025-11-07 03:02:16.967433,0.43415716410188704,44.536054646263466,7.913107477221317,0
2025-11-07 03:02:18.967433,0.49376525541525085,41.18734579259944,8.200208903673134,0
2025-11-07 03:02:20.967433,0.47137806937454235,45.47243626455487,8.2702096393032,0
2025-11-07 03:02:22.967433,0.4086550822065268,44.75976468045317,7.863170427182022,0
2025-11-07 03:02:24.967433,0.376227980078397,43.81691985371883,7.884335096802871,0
2025-11-07 03:02:26.967433,0.3157897951136453,44.93516511205804,7.596658150585967,0
2025-11-07 03:02:28.967433,0.3682210238185882,44.20545388246385,7.733042291052076,0
2025-11-07 03:02:30.967433,0.32951645226700144,45.81876682078846,7.558393036540105,0
2025-11-07 03:02:32.967433,0.3875107599956571,44.24812659022596,8.64338587623239,0
2025-11-07 03:02:34.967433,0.4367348966963753,46.466972355836916,7.393846428977746,0
2025-11-07 03:02:36.967433,0.4430121005005208,45.18658567260477,7.987652128458241,0
2025-11-07 03:02:38.967433,0.3824005815042617,45.57933123178321,8.044554310414531,0
2025-11-07 03:02:40.967433,0.48083796775445803,46.191118035459006,8.162855972807442,0
2025-11-07 03:02:42.967433,0.4865025373487698,43.88589120000792,8.021778571285825,0
2025-11-07 03:02:44.967433,0.380665373647178,42.67638190133828,8.022803258768594,0
2025-11-07 03:02:46.967433,0.3775105603655175,43.07110862201438,8.086605967170236,0
2025-11-07 03:02:48.967433,0.3822956190656698,44.49320975732281,8.185886345594437,0
2025-11-07 03:02:50.967433,0.41146789545782053,43.93161532476036,7.925436726532482,0
2025-11-07 03:02:52.967433,0.3199126669031307,42.21417893918467,7.990801028223649,0
2025-11-07 03:02:54.967433,0.35723304808204126,44.927465485587746,8.077477725849887,0
2025-11-07 03:02:56.967433,0.43903474208430215,47.9090967522118,7.9913208176185355,0
2025-11-07 03:02:58.967433,0.3905959527446279,45.16325508366461,7.90939149844029,0
2025-11-07 03:03:00.967433,0.35676866840787197,44.316594372553006,8.23583233077604,0
2025-11-07 03:03:02.967433,0.3327206547190284,44.04731548538219,8.157625419766605,0
2025-11-07 03:03:04.967433,0.38604549116310766,46.55011695717033,7.9674589362227985,0
2025-11-07 03:03:06.967433,0.29242295492218495,43.5852065977392,8.775053259048537,0
2025-11-07 03:03:08.967433,0.48436631920257517,44.01495978237535,7.986487411403348,0
2025-11-07 03:03:10.967433,0.39154934765720345,45.39880302272289,7.75390337922763,0
2025-11-07 03:03:12.967433,0.38279077864654854,43.70939294178644,8.06320155344695,0
2025-11-07 03:03:14.967433,0.39581527605915895,44.541310649362686,8.597630866657758,0
2025-11-07 03:03:16.967433,0.41062432136160837,44.64853205477692,8.051139840880762,0
2025-11-07 03:03:18.967433,0.4257367898155332,43.69038857817573,7.891244429439358,0
2025-11-07 03:03:20.967433,0.40770690565372186,45.371136448704256,8.00427620616947,0
2025-11-07 03:03:22.967433,0.40211715173962675,46.70785441173553,8.14831896212466,0
2025-11-07 03:03:24.967433,0.3762469032653434,45.39859915195164,8.048350754612636,0
2025-11-07 03:03:26.967433,0.43023171217008843,45.734398207679355,7.870268877552037,0
2025-11-07 03:03:28.967433,0.36966893018372426,47.35207577104954,8.265810673134185,0
2025-11-07 03:03:30.967433,0.375722587374569,45.76238825998422,8.24418183639411,0
2025-11-07 03:03:32.967433,0.4418240619524796,46.739650505634,8.464226958947494,0
2025-11-07 03:03:34.967433,0.3269533376258089,46.19037815469498,7.389540967776708,0
2025-11-07 03:03:36.967433,0.47600794335821994,48.58241425773155,7.689161119279019,0
2025-11-07 03:03:38.967433,0.4131513161293187,46.502060990996064,7.7953313654402425,0
2025-11-07 03:03:40.967433,0.3461454654572765,46.010192490635255,8.551178103068075,0
2025-11-07 03:03:42.967433,0.3938014379232329,44.463255520968445,8.170287592873944,0
2025-11-07 03:03:44.967433,0.382334065414783,45.23135476342845,7.9874448979794455,0
2025-11-07 03:03:46.967433,0.3020349591205648,44.12557714629719,7.827514554764287,0
2025-11-07 03:03:48.967433,0.3330010507272784,44.48422392558464,8.243060196971195,0
2025-11-07 03:03:50.967433,0.5039041523973059,44.663191368795594,8.434667652692395,0
2025-11-07 03:03:52.967433,0.3550731677958674,44.27706094183659,8.403441277889716,0
2025-11-07 03:03:54.967433,0.4095681442357547,44.46672562598917,7.405012194782767,0
2025-11-07 03:03:56.967433,0.4523705188847373,43.36178267758149,8.123883900695668,0
2025-11-07 03:03:58.967433,0.3972902728156514,42.66974926294118,8.005005965788419,0
2025-11-07 03:04:00.967433,0.32748318499321805,45.91987808315781,7.94815109257677,0
2025-11-07 03:04:02.967433,0.34693620734123803,44.20560358706683,8.125808684668643,0
2025-11-07 03:04:04.967433,0.39101577733734816,44.91413790619577,7.7141783957816585,0
2025-11-07 03:04:06.967433,0.44060510162130745,44.63374440459368,7.710807416552194,0
2025-11-07 03:04:08.967433,0.3918155458576111,43.91012827988315,8.150313112428595,0
2025-11-07 03:04:10.967433,0.4654075693846317,45.230062626482884,8.435009134703382,0
2025-11-07 03:04:12.967433,0.4217235758310971,44.50378615413484,8.138383498583446,0
2025-11-07 03:04:14.967433,0.3041797378443499,45.50747796436035,8.107142097057741,0
2025-11-07 03:04:16.967433,0.36491962064082595,44.95373994423004,8.16417678681547,0
2025-11-07 03:04:18.967433,0.46181589357131547,45.57715776155161,8.551845880618984,0
2025-11-07 03:04:20.967433,0.43020752427628783,43.573447839679424,8.232595565953966,0
2025-11-07 03:04:22.967433,0.5017629532402121,42.92188771911058,7.668402706467954,0
2025-11-07 03:04:24.967433,0.45537175346138886,44.222384370505594,7.563246386351017,0
2025-11-07 03:04:26.967433,0.3340605194789526,44.69622605985154,8.048371131084112,0
2025-11-07 03:04:28.967433,0.3823006402745568,47.03254912134549,8.178348039459642,0
2025-11-07 03:04:30.967433,0.5000309597711108,45.045376490896125,8.011678766104371,0
2025-11-07 03:04:32.967433,0.43665505291923823,47.81731090429507,7.993662747867082,0
2025-11-07 03:04:34.967433,0.43071678940605707,44.312697928510964,7.905589934344928,0
2025-11-07 03:04:36.967433,0.409653839615917,45.25063841144068,8.006129627433868,0
2025-11-07 03:04:38.967433,0.27702210598842963,44.187943745450205,8.535190147389807,0
2025-11-07 03:04:40.967433,0.39427609433182537,43.592982579707126,7.9592774673432425,0
2025-11-07 03:04:42.967433,0.37059889031463067,43.92497199481516,7.287399097873398,0
2025-11-07 03:04:44.967433,0.47548584777600356,43.675684966761516,8.144267330759481,0
2025-11-07 03:04:46.967433,0.34149902079366623,46.544256979114934,7.526831770689052,0
2025-11-07 03:04:48.967433,0.48481999747611226,45.27114816961517,8.113733431215394,0
2025-11-07 03:04:50.967433,0.38548268238357786,45.075386304038425,8.25418106298757,0
2025-11-07 03:04:52.967433,0.29120495947017583,44.07841613099522,8.02147933121518,0
2025-11-07 03:04:54.967433,0.434123909649867,44.77309886440792,8.015186358873853,0
2025-11-07 03:04:56.967433,0.35973555721598477,46.17608404022551,8.196499701997453,0
2025-11-07 03:04:58.967433,0.44489496908252346,46.53514767978091,8.22529211980638,0
2025-11-07 03:05:00.967433,0.4912742153209577,44.94754088693441,7.733377608419906,0
2025-11-07 03:05:02.967433,0.4789743896411065,46.165604890732034,7.810214874363768,0
2025-11-07 03:05:04.967433,0.375640845259797,44.94229529963556,8.581114426916216,0
2025-11-07 03:05:06.967433,0.36625451712109725,44.69067223574183,7.880445817506339,0
2025-11-07 03:05:08.967433,0.3843068089737219,45.68441320599359,7.922165827234568,0
2025-11-07 03:05:10.967433,0.41308433584984977,47.2168614528201,7.961536502637819,0
2025-11-07 03:05:12.967433,0.3455168083336541,45.09984000552213,7.587967104296305,0
2025-11-07 03:05:14.967433,0.3796777693786463,47.27865676810872,8.016241674552187,0
2025-11-07 03:05:16.967433,0.4524514075682054,41.35643016515691,7.645292598128501,0
2025-11-07 03:05:18.967433,0.4285593675106999,43.610861858329315,8.120503076153316,0
2025-11-07 03:05:20.967433,0.38410293960432546,44.06054825211367,8.027577456200705,0
2025-11-07 03:05:22.967433,0.42907479590336833,47.774660921941525,7.802695889064093,0
2025-11-07 03:05:24.967433,0.4352997605063507,44.660957663308096,7.82592824748601,0
2025-11-07 03:05:26.967433,0.4654267412120891,43.93590934467801,8.079449714801932,0
2025-11-07 03:05:28.967433,0.4682422748974143,45.34813485256452,7.668625868535264,0
2025-11-07 03:05:30.967433,0.37777453590126703,47.68659974459925,7.867017219313279,0
2025-11-07 03:05:32.967433,0.3693318907122853,44.0823584872855,8.03747210417532,0
2025-11-07 03:05:34.967433,0.44350160127635035,45.21049880787728,7.636939397919143,0
2025-11-07 03:05:36.967433,0.32815798283769254,45.18953412407746,8.072112686816606,0
2025-11-07 03:05:38.967433,0.4284687785692533,45.98722588727589,8.299397009257982,0
2025-11-07 03:05:40.967433,0.4245813701306417,46.15794502612051,8.10365066658024,0
2025-11-07 03:05:42.967433,0.3885291810733029,46.76323086275213,8.076975768125578,0
2025-11-07 03:05:44.967433,0.40247253889147466,45.06572319216694,7.848272267001337,0
2025-11-07 03:05:46.967433,0.44969936522842074,43.96328533837044,7.503148215897241,0
2025-11-07 03:05:48.967433,0.3615453909776457,44.31863532068102,8.166386380141825,0
2025-11-07 03:05:50.967433,0.44177201622492784,43.40099309702523,7.756371896294934,0
2025-11-07 03:05:52.967433,0.4159420453349738,46.94995322918934,8.287606463210139,0
2025-11-07 03:05:54.967433,0.38580577578309316,47.18367126393544,7.83501323456308,0
2025-11-07 03:05:56.967433,0.29943821223528544,44.57307347586151,7.862388710196256,0
2025-11-07 03:05:58.967433,0.4592902121608601,43.74084939447113,7.828908867621232,0
2025-11-07 03:06:00.967433,0.3679955815870738,44.881562165808305,7.581341237742951,0
2025-11-07 03:06:02.967433,0.33710976414091687,47.11070943184477,8.09682136186,0
2025-11-07 03:06:04.967433,0.383052783667346,45.11798249131294,7.600235492933007,0
2025-11-07 03:06:06.967433,0.4095499839517828,43.95730976966544,8.089095084599974,0
2025-11-07 03:06:08.967433,0.33087428937748803,43.651063443991966,7.895210269640383,0
2025-11-07 03:06:10.967433,0.3860353026934325,43.93442964729233,8.484319837190315,0
2025-11-07 03:06:12.967433,0.4201013666306547,44.143453487955675,8.252678434609622,0
2025-11-07 03:06:14.967433,0.4141571525114096,43.28106559530168,7.910461886112965,0
2025-11-07 03:06:16.967433,0.4834100370935469,43.00020843870404,8.023635270207468,0
2025-11-07 03:06:18.967433,0.38916903226809224,44.12870989701802,8.437133511408497,0
2025-11-07 03:06:20.967433,0.38231803316673657,47.20788693104637,8.066845479136736,0
2025-11-07 03:06:22.967433,0.46765854089347925,46.31259913318823,7.3116610193370075,0
2025-11-07 03:06:24.967433,0.3016045084668972,47.24813474529132,8.038620160856743,0
2025-11-07 03:06:26.967433,0.4043873051113018,45.256219159604484,8.051803681899214,0
2025-11-07 03:06:28.967433,0.4559553388282459,46.968066314616635,7.951404256399481,0
2025-11-07 03:06:30.967433,0.4095626051284327,43.39892752491924,8.111804573304157,0
2025-11-07 03:06:32.967433,0.3995262760555749,47.378804709262425,8.183212346149718,0
2025-11-07 03:06:34.967433,0.38794227664442027,44.51795259953615,8.000430702138116,0
2025-11-07 03:06:36.967433,0.34784129396190316,43.994602886178534,7.616977752171662,0
2025-11-07 03:06:38.967433,0.3278575605329799,43.6947068206882,8.443635598245306,0
2025-11-07 03:06:40.967433,0.37400837685783755,42.12892638249018,8.079859820446545,0
2025-11-07 03:06:42.967433,0.4741331974856336,46.68245495559278,7.850043360031953,0
2025-11-07 03:06:44.967433,0.5126261942819392,43.34213908706881,8.316997764879632,0
2025-11-07 03:06:46.967433,0.44098557979615743,45.82789937311288,8.263704531246953,0
2025-11-07 03:06:48.967433,0.42128442129025656,43.47566657100567,7.82267718923409,0
2025-11-07 03:06:50.967433,0.31344805952038546,49.428438679492686,8.555357253517714,0
2025-11-07 03:06:52.967433,0.4273315618771364,45.77086049154054,7.720462906887953,0
2025-11-07 03:06:54.967433,0.38468410763748645,44.345281555355676,8.050803176661791,0
2025-11-07 03:06:56.967433,0.4293893865261967,44.291784165637225,7.832840119165576,0
2025-11-07 03:06:58.967433,0.5045775859006018,44.61715591094957,8.342968331775088,0
2025-11-07 03:07:00.967433,0.39182762608021127,44.28713092975468,8.216855565444117,0
2025-11-07 03:07:02.967433,0.43109148524727975,43.6131413566887,8.26197037359358,0
2025-11-07 03:07:04.967433,0.3360897525142038,44.72388254160293,8.014521175565791,0
2025-11-07 03:07:06.967433,0.3102615604417587,48.312353885624816,7.845172055857076,0
2025-11-07 03:07:08.967433,0.40375101046842127,44.37849870932416,8.063877620687885,0
2025-11-07 03:07:10.967433,0.3076481412794533,47.5886743822048,8.591713062587628,0
2025-11-07 03:07:12.967433,0.3959206017364654,43.5292892058666,7.130595837313693,0
2025-11-07 03:07:14.967433,0.4080462871711492,46.5565626631534,7.799306920549639,0
2025-11-07 03:07:16.967433,0.45193604427346246,43.554640758394356,7.5448362797419675,0
2025-11-07 03:07:18.967433,0.36142652784808826,43.25749925868094,8.345037169921103,0
2025-11-07 03:07:20.967433,0.3934783092449971,43.25297799302147,7.4064060510799345,0
2025-11-07 03:07:22.967433,0.4090145753410221,43.51002780314805,8.016022450488059,0
2025-11-07 03:07:24.967433,0.47995548594913995,43.88699147163183,8.58315477040069,0
2025-11-07 03:07:26.967433,0.3662376619736406,46.29955075014526,8.202453440777015,0
2025-11-07 03:07:28.967433,0.3901399505048826,43.340218654179516,8.377455697231293,0
2025-11-07 03:07:30.967433,0.4878429764277919,44.96016629094161,7.468879570811349,0
2025-11-07 03:07:32.967433,0.45538294688457076,44.168889400533885,8.308231496574159,0
2025-11-07 03:07:34.967433,0.46004719499077246,45.919200520225296,7.827228530499643,0
2025-11-07 03:07:36.967433,0.38431241774770936,44.65892930212407,8.350294131821757,0
2025-11-07 03:07:38.967433,0.44196018952877214,45.83609038192996,8.427729181454065,0
2025-11-07 03:07:40.967433,0.4807648303091554,45.37724279885168,8.117814671905546,0
2025-11-07 03:07:42.967433,0.4098163082998826,44.21911133241157,7.663360564710462,0
2025-11-07 03:07:44.967433,0.4582418709901306,43.0745336213004,7.994393679822475,0
2025-11-07 03:07:46.967433,0.36747324210141613,46.27215785759074,8.106805772639706,0
2025-11-07 03:07:48.967433,0.3440342587361556,44.991376236505054,7.9806328517336995,0
2025-11-07 03:07:50.967433,0.3840316437131201,46.55907482756842,7.817935355084739,0
2025-11-07 03:07:52.967433,0.45710404639036517,46.10011440225409,7.796161092901655,0
2025-11-07 03:07:54.967433,0.3408558161044014,46.203624955166696,8.141822071782881,0
2025-11-07 03:07:56.967433,0.44523889840430486,46.609812175663485,8.433622577427503,0
2025-11-07 03:07:58.967433,0.3940812287947895,44.755027478850245,8.156067792052777,0
2025-11-07 03:08:00.967433,0.3184905290579159,44.920733668707605,7.794393770203997,0
2025-11-07 03:08:02.967433,0.5688261719970252,44.1941171440275,7.520076581403174,0
2025-11-07 03:08:04.967433,0.4743982553820639,44.56809446189179,8.28738750968779,0
2025-11-07 03:08:06.967433,0.44630809965345897,46.81557760514909,8.031219862372001,0
2025-11-07 03:08:08.967433,0.31892066288047893,45.58933291129841,8.336805828759298,0
2025-11-07 03:08:10.967433,0.3912666466940932,45.1011782705161,7.78100686521121,0
2025-11-07 03:08:12.967433,0.5570409049317054,46.279998780087794,8.27881368497279,0
2025-11-07 03:08:14.967433,0.45221250051312883,44.719754171171054,7.742568577574868,0
2025-11-07 03:08:16.967433,0.4054906758295492,45.56402250336531,7.599682801340817,0
2025-11-07 03:08:18.967433,0.4311003499703723,45.92313525620941,7.923924025840822,0
2025-11-07 03:08:20.967433,0.38748401296305673,43.059195539638786,7.49778063220612,0
2025-11-07 03:08:22.967433,0.3986794570623962,45.94774073167154,7.4245496218461255,0
2025-11-07 03:08:24.967433,0.4066462764039473,44.69609647292553,7.78996217989185,0
2025-11-07 03:08:26.967433,0.41040190145761196,46.936224712905975,7.905265713701118,0
2025-11-07 03:08:28.967433,0.4400555812866479,44.69419686545851,8.128162077579221,0
2025-11-07 03:08:30.967433,0.3244688953315042,45.977254815412365,8.061288289897707,0
2025-11-07 03:08:32.967433,0.32409331947721404,46.96545295766826,7.9640503539960905,0
2025-11-07 03:08:34.967433,0.4171077272949574,42.032975361210106,7.831595795413781,0
2025-11-07 03:08:36.967433,0.3318345947705386,44.739850963985994,7.820974871739249,0
2025-11-07 03:08:38.967433,0.4380491230339852,46.66696474364887,7.91187525930183,0
2025-11-07 03:08:40.967433,0.3023365897932745,44.62187703562269,7.915815191662008,0
2025-11-07 03:08:42.967433,0.39801414204265556,46.66629901200135,7.565224115468264,0
2025-11-07 03:08:44.967433,0.49479709495860796,43.62615727908895,8.148794503221415,0
2025-11-07 03:08:46.967433,0.3450011615853064,45.36262832134124,7.979326605715247,0
2025-11-07 03:08:48.967433,0.3692055743419633,43.06109211080782,7.736893520338284,0
2025-11-07 03:08:50.967433,0.35365130578375864,41.24884685491939,8.016640841049696,0
2025-11-07 03:08:52.967433,0.34772023125692353,46.29902848355636,8.349310816065026,0
2025-11-07 03:08:54.967433,0.41608505953397296,46.165163399859104,8.22623385802088,0
2025-11-07 03:08:56.967433,0.4034797157246697,45.414448267500006,7.372510155809591,0
2025-11-07 03:08:58.967433,0.3570127666763032,43.553283662584,7.905065258922632,0
2025-11-07 03:09:00.967433,0.361172542780661,45.66719547320938,8.60531629562387,0
2025-11-07 03:09:02.967433,0.4260321647977643,46.2808337446635,8.344132956249588,0
2025-11-07 03:09:04.967433,0.3636228816506941,43.57410026602355,7.399068627168533,0
2025-11-07 03:09:06.967433,0.49034985287045474,46.96138851216295,7.806993671629619,0
2025-11-07 03:09:08.967433,0.40597910741975957,44.56648984683656,7.845859432265117,0
2025-11-07 03:09:10.967433,0.44598548760906026,45.82283610236678,8.274196258693513,0
2025-11-07 03:09:12.967433,0.443958430547342,43.70196669404592,7.724747888798994,0
2025-11-07 03:09:14.967433,0.38309871647258076,44.75192900184348,8.056370223964057,0
2025-11-07 03:09:16.967433,0.4125735091456729,45.95489505260073,7.8937412703121295,0
2025-11-07 03:09:18.967433,0.4098372355977372,47.02705796826373,8.273876424128842,0
2025-11-07 03:09:20.967433,0.4026001536682122,45.6410619258618,7.7720482516050335,0
2025-11-07 03:09:22.967433,0.369831053727897,45.57621469634959,8.057155412652527,0
2025-11-07 03:09:24.967433,0.4389097145848221,48.332092523258616,7.642982541488178,0
2025-11-07 03:09:26.967433,0.30816861782037597,46.019040406572174,8.33680366951921,0
2025-11-07 03:09:28.967433,0.36384449486229165,45.42135472421353,8.42725415264839,0
2025-11-07 03:09:30.967433,0.39778433197799284,46.57564437580335,8.442492043166146,0
2025-11-07 03:09:32.967433,0.3826716374001908,43.40628519846509,7.637193795085996,0
2025-11-07 03:09:34.967433,0.3939687908299403,45.527922740863424,7.791733647192178,0
2025-11-07 03:09:36.967433,0.35026746579396595,44.15673483455538,7.386753565846494,0
2025-11-07 03:09:38.967433,0.3472593642925835,44.200156694886616,8.644051473107615,0
2025-11-07 03:09:40.967433,0.35919671866900904,46.534945208697856,7.909631896856273,0
2025-11-07 03:09:42.967433,0.42003852845389156,43.84425923425542,7.910994309950799,0
2025-11-07 03:09:44.967433,0.3380918567908176,43.28940991133336,8.258709217082092,0
2025-11-07 03:09:46.967433,0.455811916254715,44.42436543712386,7.971421627593384,0
2025-11-07 03:09:48.967433,0.37827447472247683,47.33431767987568,8.474777067245297,0
2025-11-07 03:09:50.967433,0.384892388114051,49.11708175269652,7.739476562021894,0
2025-11-07 03:09:52.967433,0.47943363903230146,45.926903091486196,8.163069096935642,0
2025-11-07 03:09:54.967433,0.386031060984962,46.18394318062884,8.383354906734398,0
2025-11-07 03:09:56.967433,0.4215622692609362,45.134149428240946,7.684492001766705,0
2025-11-07 03:09:58.967433,0.41004851534596803,46.53504800351978,8.036793467385733,0
2025-11-07 03:10:00.967433,0.3981252723220763,42.44629854074805,8.17059148816494,0
2025-11-07 03:10:02.967433,0.38696207921877646,42.584793842815095,7.765834445893376,0
2025-11-07 03:10:04.967433,0.40213535819330914,44.811544616080724,7.473303829686516,0
2025-11-07 03:10:06.967433,0.4096470121528404,46.043300279756096,8.167658709205492,0
2025-11-07 03:10:08.967433,0.32783588733852914,44.44079574438775,7.8074859495394255,0
2025-11-07 03:10:10.967433,0.46003169940421185,41.585556930624044,8.176463408321693,0
2025-11-07 03:10:12.967433,0.4851349918906071,45.87526238551558,7.954396961961343,0
2025-11-07 03:10:14.967433,0.4394965770629235,45.97537750063562,7.6498133834448945,0
2025-11-07 03:10:16.967433,0.45789205912358233,45.517850413593074,8.16622195351626,0
2025-11-07 03:10:18.967433,0.4379424101418619,47.51525338090546,7.81967402573669,0
2025-11-07 03:10:20.967433,0.469978869819654,43.674706973530434,8.44356800569302,0
2025-11-07 03:10:22.967433,0.39475433647592434,43.923411972786475,8.228555941401721,0
2025-11-07 03:10:24.967433,0.39953203541039095,44.89290330926131,7.524194329124795,0
2025-11-07 03:10:26.967433,0.42931860871564953,48.596771497947024,7.826778053324681,0
2025-11-07 03:10:28.967433,0.47070007116374224,44.70188840327533,8.113604165666766,0
2025-11-07 03:10:30.967433,0.3946314767800592,43.98032462475273,7.885415018137955,0
2025-11-07 03:10:32.967433,0.3113286773498338,45.317981325970315,7.859202549287432,0
2025-11-07 03:10:34.967433,0.42394971663084813,43.93175412675006,8.461529495759553,0
2025-11-07 03:10:36.967433,0.44069424680966457,43.42307384475938,8.243424656957778,0
2025-11-07 03:10:38.967433,0.43546734400352455,45.21553757521427,7.749059251473687,0
2025-11-07 03:10:40.967433,0.3954512284384029,46.63039740856159,8.23106766105191,0
2025-11-07 03:10:42.967433,0.3316594327560924,44.67800571092065,7.7541843314316345,0
2025-11-07 03:10:44.967433,0.41560704175022606,43.529434050506794,8.351934684644078,0
2025-11-07 03:10:46.967433,0.45945260965928086,42.198613482354624,7.8051723346696535,0
2025-11-07 03:10:48.967433,0.34639315412537497,43.312736872543866,7.838573754659456,0
2025-11-07 03:10:50.967433,0.4284942193382374,42.31108427988738,8.197411271425517,0
2025-11-07 03:10:52.967433,0.4023235741584023,47.48305210234964,8.516898787063761,0
2025-11-07 03:10:54.967433,0.37970162559883053,38.79635107593058,8.315814071460716,0
2025-11-07 03:10:56.967433,0.3677669528939687,43.45598771993751,8.291835016351435,0
2025-11-07 03:10:58.967433,0.34500154660887544,46.81678247750228,7.937889459671461,0
2025-11-07 03:11:00.967433,0.38984134032850226,44.73249230208258,7.565441465406461,0
2025-11-07 03:11:02.967433,0.36230001922435423,45.22392613815429,8.442052644357789,0
2025-11-07 03:11:04.967433,0.3500178449175237,46.60211017274426,8.460180639678388,0
2025-11-07 03:11:06.967433,0.3637736259714698,46.01120193771544,8.657776317931758,0
2025-11-07 03:11:08.967433,0.43331170307811145,46.26975408573279,8.03113903565,0
2025-11-07 03:11:10.967433,0.39471439714908335,43.07250626669331,8.132469665399968,0
2025-11-07 03:11:12.967433,0.37047977706810536,46.34255362561239,7.432896352451721,0
2025-11-07 03:11:14.967433,0.4250457147637582,45.24331311452625,8.127218206689962,0
2025-11-07 03:11:16.967433,0.3481420255057536,47.94889589841943,7.749717167117617,0
2025-11-07 03:11:18.967433,0.46867825142388625,44.79103893541304,7.93240692713109,0
2025-11-07 03:11:20.967433,0.3942798083566619,43.996875689841545,8.264909347152647,0
2025-11-07 03:11:22.967433,0.4605349233061201,45.56563886504997,8.326480910451096,0
2025-11-07 03:11:24.967433,0.4298767271178537,44.91332139153646,7.881528623550194,0
2025-11-07 03:11:26.967433,0.42281108276257706,44.09165826277612,8.541007429602143,0
2025-11-07 03:11:28.967433,0.377777247819411,43.56307535402076,7.524731997097416,0
2025-11-07 03:11:30.967433,0.3952192086576869,46.37648099108868,8.206236649527431,0
2025-11-07 03:11:32.967433,0.3651734870807359,46.79746080813409,7.960939593847194,0
2025-11-07 03:11:34.967433,0.33838152278382205,46.28750566507164,7.451515805114962,0
2025-11-07 03:11:36.967433,0.4007263628829832,43.74053354418155,7.946279107140577,0
2025-11-07 03:11:38.967433,0.3794765983824495,47.767253885731044,8.247592208999215,0
2025-11-07 03:11:40.967433,0.42613882678854303,42.54736445289938,8.15137433240349,0
2025-11-07 03:11:42.967433,0.45609030736175216,42.46072658195285,8.475362720633544,0
2025-11-07 03:11:44.967433,0.3378905435621261,44.675391745572355,7.910105582890894,0
2025-11-07 03:11:46.967433,0.3821146978517872,47.37134944996964,7.954184515537595,0
2025-11-07 03:11:48.967433,0.4481805709306983,45.1355821830176,8.234475517918455,0
2025-11-07 03:11:50.967433,0.40834280751086616,45.249404219850966,7.9111095261973094,0
2025-11-07 03:11:52.967433,0.41057179468625987,44.146593179234166,7.749174656966376,0
2025-11-07 03:11:54.967433,0.3390442051904002,45.05408325856907,7.697863371596028,0
2025-11-07 03:11:56.967433,0.3045919049419432,44.42349652240731,8.336989420618245,0
2025-11-07 03:11:58.967433,0.2905348181279799,46.415255079662685,8.093254951014298,0
2025-11-07 03:12:00.967433,0.4171474556124213,44.7956559902708,8.015720070697869,0
2025-11-07 03:12:02.967433,0.3492511969936405,45.71045326261766,8.228073319339073,0
2025-11-07 03:12:04.967433,0.40079481758340707,44.63323862112479,8.15327278640995,0
2025-11-07 03:12:06.967433,0.3202192608275367,43.33205889919375,8.110392867008324,0
2025-11-07 03:12:08.967433,0.4759472440889897,44.24488097173972,7.497858963610472,0
2025-11-07 03:12:10.967433,0.3857370981406992,45.05739800508546,6.942780720308516,0
2025-11-07 03:12:12.967433,0.3578464784157303,44.96783846396504,7.932707393026614,0
