timestamp,vibration,temperature,current,fault
2025-11-07 02:32:49.221522,0.49726066594001533,44.84043404937993,8.283655821653173,0
2025-11-07 02:32:51.221522,0.4140405340610162,46.02065155690698,8.240296450357507,0
2025-11-07 02:32:53.221522,0.3911241585718943,44.03924966269586,7.460608471865224,0
2025-11-07 02:32:55.221522,0.4211092416901871,45.490878511130106,8.181334787679463,0
2025-11-07 02:32:57.221522,0.5340425078911343,45.41273615407741,7.8613160781701374,0
2025-11-07 02:32:59.221522,0.3896486703489852,44.51126167528869,7.701487104862235,0
2025-11-07 02:33:01.221522,0.4200324483205717,44.5185602491847,7.925970039582226,0
2025-11-07 02:33:03.221522,0.4320177614774491,44.46851457284387,7.917429412003503,0
2025-11-07 02:33:05.221522,0.35073500948417524,46.178022047115746,7.827403400097958,0
2025-11-07 02:33:07.221522,0.44925522478715396,45.153062965252545,7.945548300894191,0
2025-11-07 02:33:09.221522,0.4545129250186308,44.337178490095354,7.892808670300265,0
2025-11-07 02:33:11.221522,0.39157536312858476,41.92505957196841,7.9066002732472915,0
2025-11-07 02:33:13.221522,0.508059477654937,45.637470794761605,8.23265594604837,0
2025-11-07 02:33:15.221522,0.3768523345360811,44.282643034542545,7.979870728024059,0
2025-11-07 02:33:17.221522,0.36708661263375025,44.97697965211168,8.347428955795547,0
2025-11-07 02:33:19.221522,0.41377546939714127,45.27690775110988,7.742126626049859,0
2025-11-07 02:33:21.221522,0.36449713278922174,44.523490951596166,8.495290370589998,0
2025-11-07 02:33:23.221522,0.3717124804825203,44.40461174310824,8.192333318300037,0
2025-11-07 02:33:25.221522,0.4119528282005093,42.745363352534106,7.894020698927604,0
2025-11-07 02:33:27.221522,0.36966116530035903,46.21383853877298,8.015264498911494,0
2025-11-07 02:33:29.221522,0.41916638451509997,46.49150327861542,8.143750037780634,0
2025-11-07 02:33:31.221522,0.3996674039970993,46.0278256513316,8.666705016257524,0
2025-11-07 02:33:33.221522,0.48074473595683254,46.64925002249973,7.920782022025621,0
2025-11-07 02:33:35.221522,0.4147985709616019,45.242315126956974,7.965969494067132,0
2025-11-07 02:33:37.221522,0.3789773353387256,44.196412242076384,8.055949654459274,0
2025-11-07 02:33:39.221522,0.4593054447897602,46.05958840557844,8.0220377122079,0
2025-11-07 02:33:41.221522,0.3469711424079156,46.9189962931961,8.220601535509397,0
2025-11-07 02:33:43.221522,0.3732339545754566,46.70789191150653,8.53444384273512,0
2025-11-07 02:33:45.221522,0.30340981673102424,46.7593156636416,8.461909123886013,0
2025-11-07 02:33:47.221522,0.3247231671112569,46.49291228846256,7.906935672935905,0
2025-11-07 02:33:49.221522,0.40077008584329066,43.169524341151096,7.814696148710946,0
2025-11-07 02:33:51.221522,0.3805232245268303,46.43814039996226,8.282237007726573,0
2025-11-07 02:33:53.221522,0.46708713689653625,44.26688182591645,7.793075661601394,0
2025-11-07 02:33:55.221522,0.3671981978283673,43.917624208499795,7.879247434555698,0
2025-11-07 02:33:57.221522,0.3721691918079359,45.37703371912447,7.882765373769864,0
2025-11-07 02:33:59.221522,0.36000764000275337,44.19806964045751,8.144946467989618,0
2025-11-07 02:34:01.221522,0.42879844196469785,45.28331481624787,8.168412898988809,0
2025-11-07 02:34:03.221522,0.5238923717873711,42.84440911551994,8.088638387568425,0
2025-11-07 02:34:05.221522,0.35232361601887074,46.03563703803764,7.845181157369496,0
2025-11-07 02:34:07.221522,0.40666925485395583,42.562184846568414,8.552952553515992,0
2025-11-07 02:34:09.221522,0.43942205145733976,45.65058401740488,8.108040336298346,0
2025-11-07 02:34:11.221522,0.4354891888543121,43.83295716497973,8.273413642346455,0
2025-11-07 02:34:13.221522,0.368201640274568,44.72432582239453,7.7244159732403554,0
2025-11-07 02:34:15.221522,0.4551594382459746,44.964958098346195,7.40547949577167,0
2025-11-07 02:34:17.221522,0.4649554019309595,42.35406879972055,8.169051953705045,0
2025-11-07 02:34:19.221522,0.40380405324056856,44.572096546472714,8.747841259282815,0
2025-11-07 02:34:21.221522,0.37861386888700627,46.58779186188664,8.04263109049634,0
2025-11-07 02:34:23.221522,0.37267954277246246,47.721850531312896,7.610256352762638,0
2025-11-07 02:34:25.221522,0.3524485298874987,44.78328370916822,8.208338868017274,0
2025-11-07 02:34:27.221522,0.43535380605639473,44.449234980007404,8.45127396328402,0
2025-11-07 02:34:29.221522,0.224614176632453,44.090814859144636,7.885239600176274,0
2025-11-07 02:34:31.221522,0.3881854301288214,46.584861684804146,7.667459749214006,0
2025-11-07 02:34:33.221522,0.38003965081605406,45.26148927636698,8.01878780054871,0
2025-11-07 02:34:35.221522,0.45649602367523534,46.36846732599217,8.37549990919568,0
2025-11-07 02:34:37.221522,0.4046686274091212,42.27434158565942,7.437360360643199,0
2025-11-07 02:34:39.221522,0.4193368272265416,45.04971944122491,8.104640432898575,0
2025-11-07 02:34:41.221522,0.41788523395370136,45.42278158615451,7.824861447111447,0
2025-11-07 02:34:43.221522,0.3040428821427894,44.27689351063252,8.029605538802908,0
2025-11-07 02:34:45.221522,0.44394592614150397,46.12264299746806,8.21875601370794,0
2025-11-07 02:34:47.221522,0.4466014618672457,45.821166252950974,7.904068413916204,0
2025-11-07 02:34:49.221522,0.35308741740358973,42.75680181619678,7.824731304498908,0
2025-11-07 02:34:51.221522,0.37898693701700836,45.116124186774655,7.976938651837942,0
2025-11-07 02:34:53.221522,0.3883189883576568,43.62912245156834,8.20433495327708,0
2025-11-07 02:34:55.221522,0.41918977870884616,45.46856285670691,7.667693243134467,0
2025-11-07 02:34:57.221522,0.373162736402335,43.23469210508775,7.861504375648995,0
2025-11-07 02:34:59.221522,0.3688258611767414,44.83058398555028,7.751652153995936,0
2025-11-07 02:35:01.221522,0.5050957622256659,44.378276801747205,7.751782917138469,0
2025-11-07 02:35:03.221522,0.3981201686555407,47.788824493139415,8.050985057339563,0
2025-11-07 02:35:05.221522,0.45454368375030746,45.09855969815645,8.112938589675867,0
2025-11-07 02:35:07.221522,0.42914446114760696,45.27167412453788,8.025274090170354,0
2025-11-07 02:35:09.221522,0.3852430496612509,45.53136003822974,8.265748233600414,0
2025-11-07 02:35:11.221522,0.43648550669853736,44.721985175717236,8.442558022208779,0
2025-11-07 02:35:13.221522,0.3803871596977613,46.387347033683305,8.108022034734885,0
2025-11-07 02:35:15.221522,0.43810023536546105,46.03602546635809,7.835155611182853,0
2025-11-07 02:35:17.221522,0.4583392519112321,44.584390794694635,7.5550343219961755,0
2025-11-07 02:35:19.221522,0.43118379923853445,48.50696490658156,8.267159898117324,0
2025-11-07 02:35:21.221522,0.33993007265155345,45.29140575850727,7.569877776356707,0
2025-11-07 02:35:23.221522,0.33628097831911186,46.25209052448932,7.659323132482501,0
2025-11-07 02:35:25.221522,0.43233990771511266,44.16361751334181,7.422106096512015,0
2025-11-07 02:35:27.221522,0.32407453403568254,45.931418480128336,7.962949938340141,0
2025-11-07 02:35:29.221522,0.46149789409785935,48.874161743199636,8.036661749208438,0
2025-11-07 02:35:31.221522,0.5193983290087132,45.31762074813549,8.36257850305128,0
2025-11-07 02:35:33.221522,0.3604481904453208,47.38083087212407,7.8974147026804715,0
2025-11-07 02:35:35.221522,0.4373164428725979,42.612313586025735,7.954978388437431,0
2025-11-07 02:35:37.221522,0.34075308973207913,45.73027847713835,7.983767880974017,0
2025-11-07 02:35:39.221522,0.44837183302123984,44.67548931020534,8.34808072818709,0
2025-11-07 02:35:41.221522,0.4379568790039954,44.29847162454747,7.817391160497229,0
2025-11-07 02:35:43.221522,0.38472987861687075,45.780490015152694,8.073938344059032,0
2025-11-07 02:35:45.221522,0.44732525548872715,45.963896693608106,8.598606298447978,0
2025-11-07 02:35:47.221522,0.4521724876419965,43.91336940979523,8.225799802138013,0
2025-11-07 02:35:49.221522,0.45201389006162235,45.11707205690532,8.04665146928236,0
2025-11-07 02:35:51.221522,0.2973590291870648,44.54524328146405,8.134032204776931,0
2025-11-07 02:35:53.221522,0.4615427702862002,44.69561602658557,7.10407798733422,0
2025-11-07 02:35:55.221522,0.41240794661535135,43.81114275205764,8.566945670762294,0
2025-11-07 02:35:57.221522,0.3720038181291434,44.36186720132302,8.454427141051362,0
2025-11-07 02:35:59.221522,0.4333359188059124,44.84194621159112,8.207449993661609,0
2025-11-07 02:36:01.221522,0.4351290269161494,44.64965374208777,8.34742338207798,0
2025-11-07 02:36:03.221522,0.4897101948117695,45.92961678650651,8.30822152310422,0
2025-11-07 02:36:05.221522,0.3340121583545952,43.55431271076659,8.392605725302612,0
2025-11-07 02:36:07.221522,0.30401624865520466,42.73628744895205,7.9597472225775565,0
2025-11-07 02:36:09.221522,0.47854290450981135,45.25834714959946,7.800601516219338,0
2025-11-07 02:36:11.221522,0.4498630379237255,43.77333575706704,7.783902740669879,0
2025-11-07 02:36:13.221522,0.391350608417279,47.726774877860926,7.7469878003270685,0
2025-11-07 02:36:15.221522,0.3330483031894581,44.91770037790769,8.200903534770605,0
2025-11-07 02:36:17.221522,0.36093723443725256,43.09074313819,8.211964534539948,0
2025-11-07 02:36:19.221522,0.46990209678315525,44.86007287224457,7.8006287814751865,0
2025-11-07 02:36:21.221522,0.39672946859287983,46.27634424103402,7.8235325744682624,0
2025-11-07 02:36:23.221522,0.3903916878015604,45.35047373283993,7.862966218898901,0
2025-11-07 02:36:25.221522,0.4235827397195796,45.928279713156925,8.684062279340651,0
2025-11-07 02:36:27.221522,0.3425142556408266,46.44009128377391,8.399995107001425,0
2025-11-07 02:36:29.221522,0.40230745717078825,46.434395079688635,7.6678862296485,0
2025-11-07 02:36:31.221522,0.3443538322803129,45.535188830826314,8.144365266603753,0
2025-11-07 02:36:33.221522,0.426164686593312,47.16657368699011,7.98572129746278,0
2025-11-07 02:36:35.221522,0.4176364529564162,45.699660626189775,7.631055274590496,0
2025-11-07 02:36:37.221522,0.3538129615167173,47.08167433222963,8.9047362606135,0
2025-11-07 02:36:39.221522,0.47750954545123875,43.45872764635095,8.390000427571852,0
2025-11-07 02:36:41.221522,0.44034053876755,44.54974052989935,7.949281027281162,0
2025-11-07 02:36:43.221522,0.3424759248799122,42.353599729007165,8.228529495254964,0
2025-11-07 02:36:45.221522,0.4495765965760278,45.47093407341722,8.364580182738267,0
2025-11-07 02:36:47.221522,0.44338277712259316,43.22013051829573,7.645946778687175,0
2025-11-07 02:36:49.221522,0.4345494878855316,43.89195102848141,7.709717790088987,0
2025-11-07 02:36:51.221522,0.4179755955077809,45.915139229550135,8.287975241609344,0
2025-11-07 02:36:53.221522,0.4744030663362144,45.23381308096759,7.970556829534383,0
2025-11-07 02:36:55.221522,0.3427331057172305,44.87570629819054,8.146637921081375,0
2025-11-07 02:36:57.221522,0.38621724288260434,43.31062201235661,7.609243183813467,0
2025-11-07 02:36:59.221522,0.3640366905344112,44.92916602570896,7.629452134061511,0
2025-11-07 02:37:01.221522,0.4051439295206513,43.13548332192629,8.700858278253623,0
2025-11-07 02:37:03.221522,0.3952625742635772,44.95870034816706,7.652230430161922,0
2025-11-07 02:37:05.221522,0.4619248943236199,44.57378645894303,8.071185262456368,0
2025-11-07 02:37:07.221522,0.31594887111550385,44.522960399455116,8.108157128729856,0
2025-11-07 02:37:09.221522,0.5159414213376815,43.686800332295135,8.20906103340033,0
2025-11-07 02:37:11.221522,0.3976242179973264,42.203345062975856,7.900825766393095,0
2025-11-07 02:37:13.221522,0.3998018224279174,44.9312946954518,8.304715606134364,0
2025-11-07 02:37:15.221522,0.39743675053987365,46.84142341240422,7.927401863366014,0
2025-11-07 02:37:17.221522,0.4110256609312262,47.57910545478407,8.14078152040059,0
2025-11-07 02:37:19.221522,0.30021688634225413,43.06705601900197,7.757616977457594,0
2025-11-07 02:37:21.221522,0.3272473087601228,43.73335251893711,8.023065544312491,0
2025-11-07 02:37:23.221522,0.3879849580641609,46.14174788905914,8.057468564510014,0
2025-11-07 02:37:25.221522,0.4787253417048688,44.052707469877284,8.31563044286198,0
2025-11-07 02:37:27.221522,0.35333448724282956,44.05395739609069,8.30037788099899,0
2025-11-07 02:37:29.221522,0.3603821871623358,42.833844437395406,7.640978324540652,0
2025-11-07 02:37:31.221522,0.4077622341463451,44.53168444097869,8.207364611519212,0
2025-11-07 02:37:33.221522,0.39970007751885206,46.943774424986394,7.847698363227035,0
2025-11-07 02:37:35.221522,0.42290203295425305,45.76774466632769,8.095097706809728,0
2025-11-07 02:37:37.221522,0.416025512825107,42.686536880840514,8.34669137189895,0
2025-11-07 02:37:39.221522,0.49753992404155883,41.52455166516976,8.3282110472183,0
2025-11-07 02:37:41.221522,0.4210671896590182,44.279536993440814,7.573442089624257,0
2025-11-07 02:37:43.221522,0.344510432797118,46.37014050124177,7.816245733246904,0
2025-11-07 02:37:45.221522,0.3881776553419803,45.88333965317382,8.335006667673378,0
2025-11-07 02:37:47.221522,0.47595840159067065,42.76432164962034,7.871274995336672,0
2025-11-07 02:37:49.221522,0.29827438362132586,45.352456790009185,8.108271542656865,0
2025-11-07 02:37:51.221522,0.24837757421035678,45.606728868979694,8.582651478890924,0
2025-11-07 02:37:53.221522,0.3697052600558125,46.276137560723264,7.423000591673728,0
2025-11-07 02:37:55.221522,0.40821351538274364,44.111349756010895,7.582007935285367,0
2025-11-07 02:37:57.221522,0.4818877491467826,45.4959264166059,7.915337447976819,0
2025-11-07 02:37:59.221522,0.4258141858121166,47.16476003174853,7.850951495581613,0
2025-11-07 02:38:01.221522,0.30454331319280875,46.57553442583078,8.23036947362025,0
2025-11-07 02:38:03.221522,0.39676915978496335,45.699914577177395,7.518191792629848,0
2025-11-07 02:38:05.221522,0.37013301684595606,45.94272154325757,8.196719125421621,0
2025-11-07 02:38:07.221522,0.45991824436044176,44.16522144439723,8.282604537374414,0
2025-11-07 02:38:09.221522,0.47058188619264496,45.44958067056159,7.909296840292136,0
2025-11-07 02:38:11.221522,0.28322703455584486,46.139083335498114,7.820485188682015,0
2025-11-07 02:38:13.221522,0.468173103534567,42.67616699462634,8.197530840772705,0
2025-11-07 02:38:15.221522,0.42402771908328846,44.445644505284555,8.389274739576646,0
2025-11-07 02:38:17.221522,0.4337891053018504,43.32817968683716,8.020589955649571,0
2025-11-07 02:38:19.221522,0.3597612618319896,46.37663423794535,7.877093839586838,0
2025-11-07 02:38:21.221522,0.4423001421240202,46.67386333059545,7.8958914544974705,0
2025-11-07 02:38:23.221522,0.3516820122720485,43.46877871487294,8.05266455410147,0
2025-11-07 02:38:25.221522,0.3833906852431149,48.24024953001988,7.781791589270783,0
2025-11-07 02:38:27.221522,0.38771185159631966,45.0310948756972,8.042045256245368,0
2025-11-07 02:38:29.221522,0.4065961802210199,46.467274462723886,7.9391328739663205,0
2025-11-07 02:38:31.221522,0.4426977783288423,46.400120843902485,7.777180869775454,0
2025-11-07 02:38:33.221522,0.48576409002679044,45.825447248841456,7.966528658669662,0
2025-11-07 02:38:35.221522,0.31197943472407963,47.789653751005346,8.232475852025734,0
2025-11-07 02:38:37.221522,0.4090080355515706,44.441278012766986,7.535472056258701,0
2025-11-07 02:38:39.221522,0.45580725714043363,48.689428716697705,7.956990171622038,0
2025-11-07 02:38:41.221522,0.4258314977427929,44.93602812737019,8.134862523084315,0
2025-11-07 02:38:43.221522,0.4057459769690227,44.198523638452365,8.288448557361905,0
2025-11-07 02:38:45.221522,0.4159102847972036,42.20293141465953,8.055362998543472,0
2025-11-07 02:38:47.221522,0.38924935098069224,45.308571873289,7.810384863474469,0
2025-11-07 02:38:49.221522,0.4017726356489066,45.28504284448127,8.437536725902232,0
2025-11-07 02:38:51.221522,0.3942838211896435,46.95283581262312,7.932455370441992,0
2025-11-07 02:38:53.221522,0.3670823690761484,45.35814278072501,7.1523480406224165,0
2025-11-07 02:38:55.221522,0.3081745335729385,44.401816395520655,7.953294450091065,0
2025-11-07 02:38:57.221522,0.38361381261997646,42.89762310279189,7.897469738057916,0
2025-11-07 02:38:59.221522,0.41350096277634346,45.53134288229871,8.136878121806905,0
2025-11-07 02:39:01.221522,0.3896276624294944,45.788081733046575,7.243485067544576,0
2025-11-07 02:39:03.221522,0.37264498156751974,42.58405784913498,7.737546768716011,0
2025-11-07 02:39:05.221522,0.48641291231061007,45.32248452358195,7.535051149616461,0
2025-11-07 02:39:07.221522,0.4241004380408836,43.68841826576016,8.094145262509572,0
2025-11-07 02:39:09.221522,0.39659384251041346,44.82092630123333,7.615234786353821,0
2025-11-07 02:39:11.221522,0.425630318116037,46.56979036841344,7.632076401738669,0
2025-11-07 02:39:13.221522,0.3802901957693263,44.738509201498026,7.735197022147718,0
2025-11-07 02:39:15.221522,0.4021806834630481,47.07893958620519,8.564182003702488,0
2025-11-07 02:39:17.221522,0.4451235268776539,46.3482368818636,7.609284024257131,0
2025-11-07 02:39:19.221522,0.49399390529575404,44.521229230705806,8.07223344596809,0
2025-11-07 02:39:21.221522,0.46972134522671055,45.14919222776788,7.619830397648025,0
2025-11-07 02:39:23.221522,0.4410771543227511,46.869910561353564,7.76291391305184,0
2025-11-07 02:39:25.221522,0.4373794335001535,41.64708096268261,7.8766937047933965,0
2025-11-07 02:39:27.221522,0.3737529414147499,43.94093109540796,8.025484235194076,0
2025-11-07 02:39:29.221522,0.462007159942029,43.82923158715283,8.380613618183988,0
2025-11-07 02:39:31.221522,0.39121433560971064,42.62794705824251,8.656019133758344,0
2025-11-07 02:39:33.221522,0.3947260887645664,46.682107951833224,8.20453552612115,0
2025-11-07 02:39:35.221522,0.46510924720614233,44.68830275300148,7.799715617863531,0
2025-11-07 02:39:37.221522,0.4522738791092148,46.79861864846027,8.109002455557057,0
2025-11-07 02:39:39.221522,0.2941495419056535,46.70795977256394,8.169031455410655,0
2025-11-07 02:39:41.221522,0.41596715810643226,45.175655815939095,7.755411762971215,0
2025-11-07 02:39:43.221522,0.34062918184486557,46.82978247243428,7.902921795119077,0
2025-11-07 02:39:45.221522,0.29941373895202233,47.91203055052243,7.856545215948366,0
2025-11-07 02:39:47.221522,0.4212835608231864,45.66452603571838,7.90241202796047,0
2025-11-07 02:39:49.221522,0.5043903068863584,43.57371898448215,7.0559834113022335,0
2025-11-07 02:39:51.221522,0.2921096411406541,47.267443691708635,7.464547767621826,0
2025-11-07 02:39:53.221522,0.47069209678278434,46.00800590643595,8.374119388963043,0
2025-11-07 02:39:55.221522,0.3766663129798295,45.25929355197351,8.116252341850348,0
2025-11-07 02:39:57.221522,0.3938530888775226,46.75582534747818,8.427128648863468,0
2025-11-07 02:39:59.221522,0.40359774328136205,46.651414786903,8.79371881908842,0
2025-11-07 02:40:01.221522,0.4382645911373007,42.07319639624897,8.015412515038133,0
2025-11-07 02:40:03.221522,0.42902658838784885,43.800450409541384,8.230647388132374,0
2025-11-07 02:40:05.221522,0.39442204540851283,44.31798455554184,8.223180344768323,0
2025-11-07 02:40:07.221522,0.34445382502027744,45.14237415627438,7.7413963592384984,0
2025-11-07 02:40:09.221522,0.38176696254318215,44.35864929109004,8.021059920085861,0
2025-11-07 02:40:11.221522,0.43967743409824256,43.0011074157205,7.9462287498075,0
2025-11-07 02:40:13.221522,0.37585867152442415,46.87019412163829,7.803219869282615,0
2025-11-07 02:40:15.221522,0.3750208254557178,45.30634274046731,7.951181275425391,0
2025-11-07 02:40:17.221522,0.4378841470946522,42.369587874979025,7.694744952630548,0
2025-11-07 02:40:19.221522,0.2772188391212337,45.89171258968521,8.139683196757632,0
2025-11-07 02:40:21.221522,0.39906464544481607,46.4691392786463,7.900718976687103,0
2025-11-07 02:40:23.221522,0.38749077573982466,43.332953788978685,7.8089236208255945,0
2025-11-07 02:40:25.221522,0.4220672211722493,45.53883594146138,8.125916765314951,0
2025-11-07 02:40:27.221522,0.4083405532756494,45.867188899938554,8.317749311635847,0
2025-11-07 02:40:29.221522,0.32513797450342735,44.00022376949642,7.659351396028844,0
2025-11-07 02:40:31.221522,0.3519112985496364,46.53935531721937,8.12782544696592,0
2025-11-07 02:40:33.221522,0.3483619343829479,41.69989184526603,7.922851830484171,0
2025-11-07 02:40:35.221522,0.4001535763124021,44.53695762763604,7.7554222862280815,0
2025-11-07 02:40:37.221522,0.37856570713126975,44.55416028823699,7.730390199394344,0
2025-11-07 02:40:39.221522,0.47346616161550825,46.53472913792514,8.272365444607056,0
2025-11-07 02:40:41.221522,0.4277636150587775,45.49288737951027,7.826971144048478,0
2025-11-07 02:40:43.221522,0.4508405097421048,47.77673006063734,7.716184554164007,0
2025-11-07 02:40:45.221522,0.3817525405896688,43.79387208346005,8.28561650384396,0
2025-11-07 02:40:47.221522,0.4204542484837604,45.48637052517087,7.938044174486763,0
2025-11-07 02:40:49.221522,0.39847492310054367,44.56839663110834,8.107748055763407,0
2025-11-07 02:40:51.221522,0.3467075825866499,44.03681825536528,8.090263165157998,0
2025-11-07 02:40:53.221522,0.39048642636994185,46.15112187471645,8.045082860729618,0
2025-11-07 02:40:55.221522,0.414089966029889,47.44158913661142,7.568194932774041,0
2025-11-07 02:40:57.221522,0.37948234811954545,46.658128482502406,8.440289613918004,0
2025-11-07 02:40:59.221522,0.4074991794260817,45.453747934870066,8.459836258135097,0
2025-11-07 02:41:01.221522,0.3418423156763259,44.2137735461687,7.823196629160524,0
2025-11-07 02:41:03.221522,0.3924279168928652,47.3228201302716,7.891679642408569,0
2025-11-07 02:41:05.221522,0.4047380738054233,45.70017998908129,8.104339110169887,0
2025-11-07 02:41:07.221522,0.46361828568082947,44.580762766428904,7.974869519319605,0
2025-11-07 02:41:09.221522,0.39276620956113445,45.87112606421095,7.736888687640311,0
2025-11-07 02:41:11.221522,0.325090241086942,45.72785173032494,7.906282955468241,0
2025-11-07 02:41:13.221522,0.37504609947479794,46.11150653608581,7.728534932207168,0
2025-11-07 02:41:15.221522,0.4097355026270794,47.17889981469917,8.121437041834287,0
2025-11-07 02:41:17.221522,0.43031230316734864,44.55372020403777,8.364041658904682,0
2025-11-07 02:41:19.221522,0.41623059322512895,44.54621303128848,8.445785123759492,0
2025-11-07 02:41:21.221522,0.4688019213264961,45.132017240864116,7.70864207330067,0
2025-11-07 02:41:23.221522,0.5045323330575627,48.285499334963625,7.72253430132781,0
2025-11-07 02:41:25.221522,0.34040377178308173,46.399055852104034,7.833581148384119,0
2025-11-07 02:41:27.221522,0.34390875915999136,44.02163561327327,8.248409343878555,0
2025-11-07 02:41:29.221522,0.4150499741539581,43.35862082279877,7.724206032205061,0
2025-11-07 02:41:31.221522,0.37252411268808666,44.66487739244618,8.012640732034177,0
2025-11-07 02:41:33.221522,0.39256132125082416,46.61334411848293,8.033602910319985,0
2025-11-07 02:41:35.221522,0.4390876766876307,47.786089262965774,7.424834794131785,0
2025-11-07 02:41:37.221522,0.43307528255788436,44.022105547096615,8.133208785905206,0
2025-11-07 02:41:39.221522,0.4095581942129702,44.553278252123704,7.024845302342062,0
2025-11-07 02:41:41.221522,0.4219560623994096,46.6252762751192,7.982052024420658,0
2025-11-07 02:41:43.221522,0.30793148322542113,42.86685397552314,7.393311855141336,0
2025-11-07 02:41:45.221522,0.36979557890220704,45.19860351580487,7.2436243220221055,0
2025-11-07 02:41:47.221522,0.38119639942543776,43.40630748343786,7.681493250818449,0
2025-11-07 02:41:49.221522,0.3316716767418432,44.79839149348104,7.560155376286067,0
2025-11-07 02:41:51.221522,0.42939980264685895,45.91654342194356,7.627153733425911,0
2025-11-07 02:41:53.221522,0.38359044453890734,44.713586519756895,8.22131212689042,0
2025-11-07 02:41:55.221522,0.32112131303838043,45.084025334179486,8.342763746640381,0
2025-11-07 02:41:57.221522,0.3606752667690584,49.123893239294304,7.755881556255574,0
2025-11-07 02:41:59.221522,0.3521945736274486,43.03744526496523,8.063145528049368,0
2025-11-07 02:42:01.221522,0.49238624141347315,46.33426271482766,7.827308476741917,0
2025-11-07 02:42:03.221522,0.3844265322479361,42.67194554278634,7.701363874843844,0
2025-11-07 02:42:05.221522,0.3456929962446792,44.11713627912857,8.222547039350767,0
2025-11-07 02:42:07.221522,0.37352294437607125,42.41476059316416,8.493996948186927,0
2025-11-07 02:42:09.221522,0.4432452368198939,46.00901446265795,8.242446349817405,0
2025-11-07 02:42:11.221522,0.40282227203178256,47.404604870472994,7.75581665203389,0
2025-11-07 02:42:13.221522,0.42783412323342535,44.00463072554077,7.765134624315707,0
2025-11-07 02:42:15.221522,0.42420537639890965,45.52787098009452,8.167851384825136,0
2025-11-07 02:42:17.221522,0.3424914856666237,45.46929008480501,7.452555930804759,0
2025-11-07 02:42:19.221522,0.4048194469259825,45.786840008641924,7.997967143342963,0
2025-11-07 02:42:21.221522,0.42521863167388013,44.97040782885487,7.8334987771889395,0
2025-11-07 02:42:23.221522,0.47308457309683677,45.56879394851235,8.037355749974044,0
2025-11-07 02:42:25.221522,0.37792918356432803,44.794992895447905,7.959892350313163,0
2025-11-07 02:42:27.221522,0.345676047611523,44.982021494158296,8.158718568722964,0
2025-11-07 02:42:29.221522,0.4837321034643918,44.868717566802765,8.149907877672453,0
2025-11-07 02:42:31.221522,0.39888370618813423,45.2231926213675,7.7795947941121035,0
2025-11-07 02:42:33.221522,0.3771281847384594,45.14605858620967,8.520324498101466,0
2025-11-07 02:42:35.221522,0.38074858550136415,44.771189231308185,8.177069774185444,0
2025-11-07 02:42:37.221522,0.37752142077788586,45.689531345224005,8.121246722744798,0
2025-11-07 02:42:39.221522,0.41776034642125504,43.74771439686152,8.218695589062927,0
2025-11-07 02:42:41.221522,0.3645688303729246,46.21354439031669,8.261437938870792,0
2025-11-07 02:42:43.221522,0.33286688729853403,43.47517346765495,8.107205670399216,0
2025-11-07 02:42:45.221522,0.35593254990297535,43.688713217136076,8.464258220846888,0
2025-11-07 02:42:47.221522,0.3630314694588731,44.95858088750259,8.299342978768262,0
2025-11-07 02:42:49.221522,0.3810020645897621,46.644979880755166,7.846956187508817,0
2025-11-07 02:42:51.221522,0.41849079674133816,45.698998998735625,7.924382351068756,0
2025-11-07 02:42:53.221522,0.3771480600060444,45.03393293744965,8.278638370283641,0
2025-11-07 02:42:55.221522,0.39024871001722505,44.56407592714109,7.998591609062187,0
2025-11-07 02:42:57.221522,0.35347827587011565,43.98440544081649,8.204095448673783,0
2025-11-07 02:42:59.221522,0.38186619699233326,45.89603323427042,7.900096844164958,0
2025-11-07 02:43:01.221522,0.41993203540358576,45.81760965875455,7.729339207951056,0
2025-11-07 02:43:03.221522,0.4250261278349099,46.97079699531045,8.061534808023573,0
2025-11-07 02:43:05.221522,0.3661932835542455,46.380815277308606,8.611846933923243,0
2025-11-07 02:43:07.221522,0.48191427141482834,46.127089158999524,7.895533651549093,0
2025-11-07 02:43:09.221522,0.34835398105747817,48.04664201502472,7.9900646534295925,0
2025-11-07 02:43:11.221522,0.4082788772271697,44.73730292460641,8.174449035745928,0
2025-11-07 02:43:13.221522,0.40206714546894384,45.27089643453176,7.843495881232025,0
2025-11-07 02:43:15.221522,0.3669882088732557,45.77080421497776,7.775153741904185,0
2025-11-07 02:43:17.221522,0.46103433252499953,45.80238749229273,8.146382181128017,0
2025-11-07 02:43:19.221522,0.4661316619451993,45.39603692745671,8.18240032138582,0
2025-11-07 02:43:21.221522,0.41428423088474264,46.92240476968098,7.869077248429595,0
2025-11-07 02:43:23.221522,0.4833168956927502,44.82285356697865,8.311506848176776,0
2025-11-07 02:43:25.221522,0.43943088575077927,44.561548561160286,8.093053396486681,0
2025-11-07 02:43:27.221522,0.4821942895069731,47.021102802200154,7.899800766904433,0
2025-11-07 02:43:29.221522,0.456103907678561,44.66286901256875,7.800945896072526,0
2025-11-07 02:43:31.221522,0.4198779438676279,42.615862679521996,7.972198788425343,0
2025-11-07 02:43:33.221522,0.3818320860785939,45.79500890402578,7.715129686221617,0
2025-11-07 02:43:35.221522,0.4031470951814172,44.15453203974172,7.921381671751506,0
2025-11-07 02:43:37.221522,0.4046266289576766,45.59418159994113,7.523353244013121,0
2025-11-07 02:43:39.221522,0.41031709767414337,46.515920279978246,7.731940557777946,0
2025-11-07 02:43:41.221522,0.39347727218905143,44.981308225718756,7.81974455679444,0
2025-11-07 02:43:43.221522,0.37865348263469456,43.43477330354748,8.07699827097724,0
2025-11-07 02:43:45.221522,0.42471353860146077,46.76590981311548,7.910316814841186,0
2025-11-07 02:43:47.221522,0.4500562880520443,41.306763019215964,7.919013443402086,0
2025-11-07 02:43:49.221522,0.38321676108825287,43.341804375626914,7.371051764724256,0
2025-11-07 02:43:51.221522,0.42449293909458385,45.8618928187603,8.127472873908674,0
2025-11-07 02:43:53.221522,0.43503708659646106,44.70908763432737,7.754831729758732,0
2025-11-07 02:43:55.221522,0.3846797983330624,43.88023682325886,7.975057685792479,0
2025-11-07 02:43:57.221522,0.327364252799144,44.083543266660875,8.050686633113221,0
2025-11-07 02:43:59.221522,0.4109336418649948,45.442284730156345,8.644599867519098,0
2025-11-07 02:44:01.221522,0.40183106029279303,45.28850431990295,8.004953299261578,0
2025-11-07 02:44:03.221522,0.3865028230109943,45.671911866772625,7.698803716212712,0
2025-11-07 02:44:05.221522,0.36162827519334995,47.06350050261663,8.132148961774053,0
2025-11-07 02:44:07.221522,0.3034964124451991,45.53131605052712,7.821634445655611,0
2025-11-07 02:44:09.221522,0.3889278493105832,44.316382531438144,7.742518230678734,0
2025-11-07 02:44:11.221522,0.44038554376521116,45.721035940345296,7.954549138110362,0
2025-11-07 02:44:13.221522,0.4744268425832972,44.55170117916605,8.401201069887108,0
2025-11-07 02:44:15.221522,0.39468964570807236,45.971318729671836,7.809872761634011,0
2025-11-07 02:44:17.221522,0.4026719227318342,43.38298485102114,7.792012713386832,0
2025-11-07 02:44:19.221522,0.441458659090453,43.78900892448772,8.182396247360963,0
2025-11-07 02:44:21.221522,0.46316962426649744,43.520128768520586,7.875389057112344,0
2025-11-07 02:44:23.221522,0.4183992544799547,47.19252636887202,8.149106857014868,0
2025-11-07 02:44:25.221522,0.33089808378311075,43.90029584253409,7.55204784382843,0
2025-11-07 02:44:27.221522,0.32780081263338384,43.22987893273426,7.869602478850042,0
2025-11-07 02:44:29.221522,0.40338912937969085,46.19073071210899,8.648222100686008,0
2025-11-07 02:44:31.221522,0.3655007457065252,43.47510552948679,7.583376027505244,0
2025-11-07 02:44:33.221522,0.3902887391477025,44.55408839941034,8.247590263557706,0
2025-11-07 02:44:35.221522,0.4224144162055175,43.69264301960814,8.241707111092776,0
2025-11-07 02:44:37.221522,0.36935091509390144,45.72447514588982,7.993202145913069,0
2025-11-07 02:44:39.221522,0.4020214871502099,44.50976678100807,8.636836675389462,0
2025-11-07 02:44:41.221522,0.3074438921346693,46.637743102563846,7.977493264450833,0
2025-11-07 02:44:43.221522,0.4946606473079256,45.35299537349836,8.166723641462333,0
2025-11-07 02:44:45.221522,0.3361890400442882,44.072008506826506,7.832606379879822,0
2025-11-07 02:44:47.221522,0.401924861085979,44.845399124893234,8.148302346334535,0
2025-11-07 02:44:49.221522,0.45047780935043846,45.75826490993288,8.390921665731112,0
2025-11-07 02:44:51.221522,0.431148073800077,43.41920189948507,8.41427249147718,0
2025-11-07 02:44:53.221522,0.39617494418444865,40.67321942672869,8.165214135331981,0
2025-11-07 02:44:55.221522,0.36087768262316794,45.485823256930026,7.9756945142780165,0
2025-11-07 02:44:57.221522,0.471422052172947,44.81234716323675,7.720025884799425,0
2025-11-07 02:44:59.221522,0.4020671396074167,44.852356704891875,8.190969126226285,0
2025-11-07 02:45:01.221522,0.40792781443341825,45.069149950543576,7.869076574571142,0
2025-11-07 02:45:03.221522,0.3183196149419999,45.69083647383033,8.04117479888282,0
2025-11-07 02:45:05.221522,0.3571697939605606,46.82329172818985,7.995390900964095,0
2025-11-07 02:45:07.221522,0.336179041568825,44.08314674354487,8.357694275921352,0
2025-11-07 02:45:09.221522,0.45478953960229546,45.68001829030313,8.32228460987178,0
2025-11-07 02:45:11.221522,0.45443500904048134,43.804897955899975,8.456898293916437,0
2025-11-07 02:45:13.221522,0.4494638818208335,46.34445348408921,7.46518160872067,0
2025-11-07 02:45:15.221522,0.3833102498680167,45.74784250712892,8.225621878945214,0
2025-11-07 02:45:17.221522,0.4366952071504494,45.04741348591844,7.956311291979818,0
2025-11-07 02:45:19.221522,0.40081983804451554,44.21319014108188,8.07356200492357,0
2025-11-07 02:45:21.221522,0.37882481089717773,43.30316970311712,7.847158556481785,0
2025-11-07 02:45:23.221522,0.44279636682419465,44.220585421580545,7.9448497663990905,0
2025-11-07 02:45:25.221522,0.39217609395463465,45.10919653458454,7.757945018839911,0
2025-11-07 02:45:27.221522,0.44393695660579496,42.96373020668224,8.494456641210071,0
2025-11-07 02:45:29.221522,0.3813259623942168,43.05244579700784,8.119733315512255,0
2025-11-07 02:45:31.221522,0.3795237691174001,40.53233246564457,8.13723103142193,0
2025-11-07 02:45:33.221522,0.3932757498512528,43.52543974259504,8.222659542110103,0
2025-11-07 02:45:35.221522,0.4273624970542639,47.37587490117969,7.666193597472495,0
2025-11-07 02:45:37.221522,0.3983947883400196,43.20983788227232,7.968790923423154,0
2025-11-07 02:45:39.221522,0.45472703641094725,47.414484924326615,7.659522383021195,0
2025-11-07 02:45:41.221522,0.3958373229340664,44.28198171441696,7.640899601209935,0
2025-11-07 02:45:43.221522,0.3960857329493078,47.092642678277564,7.614474270664876,0
2025-11-07 02:45:45.221522,0.304089047131109,46.370152877146644,7.518772596459402,0
2025-11-07 02:45:47.221522,0.39231736430757763,46.22131290804208,7.652152328556169,0
2025-11-07 02:45:49.221522,0.4665970604715183,45.607344846383555,8.221423899591493,0
2025-11-07 02:45:51.221522,0.42019055810812544,44.17793411832581,8.072082903084144,0
2025-11-07 02:45:53.221522,0.444853292380985,43.96987397794397,8.165253991372115,0
2025-11-07 02:45:55.221522,0.35341999451069,46.02227944597459,7.741023665532201,0
2025-11-07 02:45:57.221522,0.3332068979013195,44.13275173229743,8.238910133399585,0
2025-11-07 02:45:59.221522,0.4382021707945461,48.141507239923065,8.268435999674912,0
2025-11-07 02:46:01.221522,0.3378395591286898,42.50233290285533,8.07041525645684,0
2025-11-07 02:46:03.221522,0.4413031885163531,44.64517704542693,8.168658826624478,0
2025-11-07 02:46:05.221522,0.415689344008715,44.549528830467565,8.219410950409657,0
2025-11-07 02:46:07.221522,0.38102088582071486,43.02981416630004,7.8781505677422405,0
2025-11-07 02:46:09.221522,0.4044671271272264,45.845988691912346,7.73647659773303,0
2025-11-07 02:46:11.221522,0.39112511011021717,45.21553966024588,8.345989082895116,0
2025-11-07 02:46:13.221522,0.44405371910868535,47.4446852078832,7.348906953576211,0
2025-11-07 02:46:15.221522,0.31028331701123335,42.32390407361897,7.525626725024434,0
2025-11-07 02:46:17.221522,0.39579036682612073,45.16677584953369,8.130478492166032,0
2025-11-07 02:46:19.221522,0.4174522968835346,44.75401336000627,7.9301242041964395,0
2025-11-07 02:46:21.221522,0.44051738617345365,45.91935648439604,7.818843185291241,0
2025-11-07 02:46:23.221522,0.456625777673523,45.63156895866376,8.503052069584173,0
2025-11-07 02:46:25.221522,0.41686512434648393,44.264343664335364,9.048125731683804,0
2025-11-07 02:46:27.221522,0.36980452950920956,44.83547578131444,8.351510279784378,0
2025-11-07 02:46:29.221522,0.38503351977009814,46.54502556403229,8.202595105248047,0
2025-11-07 02:46:31.221522,0.4258643824144153,42.45269143660056,8.139573118936044,0
2025-11-07 02:46:33.221522,0.4192313188268455,44.195610033085835,7.73668095032002,0
2025-11-07 02:46:35.221522,0.42039207653746336,46.040226423802984,8.517785786799195,0
2025-11-07 02:46:37.221522,0.3628606722848133,45.29998875695813,7.959533867482333,0
2025-11-07 02:46:39.221522,0.41827455503721217,43.05382741728076,7.7546343092260805,0
2025-11-07 02:46:41.221522,0.3153391668365219,43.92573453313706,8.480172101549318,0
2025-11-07 02:46:43.221522,0.36496013864250243,45.33362657448797,8.406098338752274,0
2025-11-07 02:46:45.221522,0.49039928730431254,42.34052459412526,8.395304587432085,0
2025-11-07 02:46:47.221522,0.4273955708321158,45.77001705990473,8.363775489737561,0
2025-11-07 02:46:49.221522,0.42374199492323505,45.964839582064194,7.415494252741312,0
2025-11-07 02:46:51.221522,0.4268335680087551,46.94313189559205,8.015916702065159,0
2025-11-07 02:46:53.221522,0.3473748526150761,46.31029535351784,8.0719947808201,0
2025-11-07 02:46:55.221522,0.34377760224661025,42.71676322255521,7.472819116101714,0
2025-11-07 02:46:57.221522,0.4562637131927547,46.04760542787532,7.7524194025701005,0
2025-11-07 02:46:59.221522,0.43371249627511466,43.83655585330173,8.54861250569051,0
2025-11-07 02:47:01.221522,0.3591518245716173,46.284067196401956,8.059587807498152,0
2025-11-07 02:47:03.221522,0.38243411300486435,47.974454074498595,7.83547772038413,0
2025-11-07 02:47:05.221522,0.3563501620410711,46.625179328220334,7.5014949961293516,0
2025-11-07 02:47:07.221522,0.40580785379623857,44.65353357582747,8.61136615540055,0
2025-11-07 02:47:09.221522,0.37449306483555844,44.63679331381898,8.167794788912925,0
2025-11-07 02:47:11.221522,0.4047330334113108,44.4887872205014,7.840348764173121,0
2025-11-07 02:47:13.221522,0.505092525179339,45.93112571767861,8.173504026117802,0
2025-11-07 02:47:15.221522,0.3748955633061866,43.690939128320686,8.062382416572829,0
2025-11-07 02:47:17.221522,0.369370439587074,47.33429070156303,8.12853600212785,0
2025-11-07 02:47:19.221522,0.4074925756333001,43.945844541159076,7.803990282914536,0
2025-11-07 02:47:21.221522,0.4171095010213211,43.976573556336284,8.102719324439231,0
2025-11-07 02:47:23.221522,0.3914827117008263,46.939539928828964,7.865086756667339,0
2025-11-07 02:47:25.221522,0.3601089654174092,44.29570500643492,7.97693515718645,0
2025-11-07 02:47:27.221522,0.39972953343488893,44.465342650393396,7.720950012895091,0
2025-11-07 02:47:29.221522,0.3250560902621769,44.17309788738632,7.7754223963082305,0
2025-11-07 02:47:31.221522,0.32067746597276253,44.63352955192394,7.9179669174088865,0
2025-11-07 02:47:33.221522,0.4187866335465221,45.81996488870935,8.23756936425376,0
2025-11-07 02:47:35.221522,0.3762461258183027,45.77441834537259,8.51084414259007,0
2025-11-07 02:47:37.221522,0.35520375697526335,44.007144959664174,7.989470732486035,0
2025-11-07 02:47:39.221522,0.392942334887793,45.41514737701092,7.998279305798013,0
2025-11-07 02:47:41.221522,0.41740340708298407,46.65185047275678,7.593714229664917,0
2025-11-07 02:47:43.221522,0.33353870619351694,44.83765804071319,7.77983749028657,0
2025-11-07 02:47:45.221522,0.3679372624063663,43.46523877531715,7.977993132192189,0
2025-11-07 02:47:47.221522,0.39716469111346286,44.64111192110701,7.925397535058674,0
2025-11-07 02:47:49.221522,0.4456514675646849,46.67586050461297,8.314697344261516,0
2025-11-07 02:47:51.221522,0.41268726228918,46.45616934499988,7.830702930369038,0
2025-11-07 02:47:53.221522,0.4841164983491354,43.82581422718192,8.3684896198133,0
2025-11-07 02:47:55.221522,0.3514732501891596,47.32622435446899,7.842596161092619,0
2025-11-07 02:47:57.221522,0.4445928201969261,43.654778923999615,7.678828953559431,0
2025-11-07 02:47:59.221522,0.4065512643207402,42.50204231287603,7.646418619294903,0
2025-11-07 02:48:01.221522,0.492893019357277,46.71698515350988,8.002252768001044,0
2025-11-07 02:48:03.221522,0.3856450200119842,46.080080152253615,7.409774730758054,0
2025-11-07 02:48:05.221522,0.4571877997535376,46.42320244504598,8.315206743972034,0
2025-11-07 02:48:07.221522,0.47243005076714645,43.25688875322143,8.26739782486497,0
2025-11-07 02:48:09.221522,0.4741713408980009,46.14825731173733,8.19122010071516,0
2025-11-07 02:48:11.221522,0.3910993624564018,44.65616594328411,7.844875726523961,0
2025-11-07 02:48:13.221522,0.44796416002209266,45.51837188296974,7.782150295805894,0
2025-11-07 02:48:15.221522,0.34778583397123214,43.500307980458395,8.304850621272104,0
2025-11-07 02:48:17.221522,0.4776158156643545,47.340080801286014,8.173658228216755,0
2025-11-07 02:48:19.221522,0.4718395847727935,47.031259761997134,7.954852416126067,0
2025-11-07 02:48:21.221522,0.42843225042928545,46.80708720721958,8.199019000503228,0
2025-11-07 02:48:23.221522,0.45661962289435354,43.81883796643549,8.070714304488828,0
2025-11-07 02:48:25.221522,0.4063451218703404,44.536220556961446,8.26493425837973,0
2025-11-07 02:48:27.221522,0.3951123627779801,42.68746648702884,7.544482503489956,0
2025-11-07 02:48:29.221522,0.4368572332476381,44.54012102004075,7.345026019228044,0
2025-11-07 02:48:31.221522,0.3475449407649813,44.47221547564111,7.8778076638400325,0
2025-11-07 02:48:33.221522,0.3440299196807944,44.33396250525111,8.204759005101353,0
2025-11-07 02:48:35.221522,0.34884949980367325,46.454648387141205,8.004858484783476,0
2025-11-07 02:48:37.221522,0.3953332325119199,49.236346702305944,8.228439015686934,0
2025-11-07 02:48:39.221522,0.3590418615222911,45.890912923432126,8.220919357320602,0
2025-11-07 02:48:41.221522,0.5042364479641628,46.226793063818036,7.992176840245048,0
2025-11-07 02:48:43.221522,0.3530480862018321,43.12228041445187,8.440768051265353,0
2025-11-07 02:48:45.221522,0.49063654815558944,42.99463464861244,8.02781309726179,0
2025-11-07 02:48:47.221522,0.45618488584080813,44.94175304920096,8.322030599722929,0
2025-11-07 02:48:49.221522,0.4127990014102647,48.63043388969967,7.890505597160834,0
2025-11-07 02:48:51.221522,0.35626968269154125,42.45051510181513,7.693304211440801,0
2025-11-07 02:48:53.221522,0.4192163636310026,46.015044375971826,8.32354712819868,0
2025-11-07 02:48:55.221522,0.37546666445549437,43.596551805946774,7.775228272806652,0
2025-11-07 02:48:57.221522,0.4066977551057669,44.97069982072748,7.464962576538376,0
2025-11-07 02:48:59.221522,0.36744598182599064,43.30135493675831,7.849060364406277,0
2025-11-07 02:49:01.221522,0.36091611963278497,47.19582773144744,8.224352940697928,0
2025-11-07 02:49:03.221522,0.4584823149022661,44.86456531163697,7.904877618364578,0
2025-11-07 02:49:05.221522,0.4235878293672927,46.39997692119441,7.539415992883303,0
2025-11-07 02:49:07.221522,0.40959136801129165,44.22302714484058,7.768599855460397,0
2025-11-07 02:49:09.221522,0.4267443550470523,46.70126903988242,7.474377877927863,0
2025-11-07 02:49:11.221522,0.3532958656553322,47.3390559878501,8.31367081691271,0
2025-11-07 02:49:13.221522,0.38026525324295324,44.435310734130276,7.787165781714178,0
2025-11-07 02:49:15.221522,0.482338878591509,46.8487739220454,7.446220174299571,0
2025-11-07 02:49:17.221522,0.45787624187290416,45.859144520207096,8.00414960187596,0
2025-11-07 02:49:19.221522,0.45625782619363536,44.25027277863622,7.909680679684297,0
2025-11-07 02:49:21.221522,0.4996889074836225,43.5933261692528,8.278169749762753,0
2025-11-07 02:49:23.221522,0.4157992063939781,47.2837124947355,7.923258377452197,0
2025-11-07 02:49:25.221522,0.43918992900184695,45.253023254673515,7.647472572876966,0
2025-11-07 02:49:27.221522,0.32978137499218746,44.18315658168259,8.344223120126562,0
2025-11-07 02:49:29.221522,0.41709245330929107,44.87771625190428,7.495693118561888,0
2025-11-07 02:49:31.221522,0.26264847625528254,43.936607928163156,8.588313139810065,0
2025-11-07 02:49:33.221522,0.4983190106553469,45.61389968928513,7.798877189065025,0
2025-11-07 02:49:35.221522,0.5100789261243381,46.30473613673014,8.871059121918123,0
2025-11-07 02:49:37.221522,0.42870642756227834,43.073938179852085,7.639727423772208,0
2025-11-07 02:49:39.221522,0.3183560328282484,44.79939523612018,8.282765359319948,0
2025-11-07 02:49:41.221522,0.412420126823014,41.458275884969076,7.54751115514063,0
2025-11-07 02:49:43.221522,0.3722486919680383,45.59948381688813,7.416079618509228,0
2025-11-07 02:49:45.221522,0.47866954044965776,46.503171060165705,8.049898606534331,0
2025-11-07 02:49:47.221522,0.33983555779260954,47.15939579179891,7.713420006827687,0
2025-11-07 02:49:49.221522,0.4148819542437689,45.38726109539922,7.8752055897593785,0
2025-11-07 02:49:51.221522,0.3952555926506243,44.78136693596677,8.02350517704375,0
2025-11-07 02:49:53.221522,0.4157915410590406,45.73857931707901,8.487614024473308,0
2025-11-07 02:49:55.221522,0.4711872641158331,46.34468261584356,8.10300838472322,0
2025-11-07 02:49:57.221522,0.4573168216882953,42.95307062546393,8.413496293763545,0
2025-11-07 02:49:59.221522,0.44697442047109076,46.612545693589254,7.571553486510597,0
2025-11-07 02:50:01.221522,0.44942174044102023,46.859420387540936,7.863773599031203,0
2025-11-07 02:50:03.221522,0.5363581581734725,45.244073800109426,8.124899053250047,0
2025-11-07 02:50:05.221522,0.35933778325522453,43.06720418666374,8.017598844858677,0
2025-11-07 02:50:07.221522,0.40096686256760633,46.35315509372922,7.774642150796437,0
2025-11-07 02:50:09.221522,0.4101347889747577,43.164594974190656,7.99143257332827,0
2025-11-07 02:50:11.221522,0.3649060209804267,44.042226884067986,8.1277969875974,0
2025-11-07 02:50:13.221522,0.3639048517421712,45.913289947051204,8.344164371865388,0
2025-11-07 02:50:15.221522,0.3841725008759232,47.260149140176594,7.743003248670306,0
2025-11-07 02:50:17.221522,0.43075501996827037,48.6145780784311,8.20585582472019,0
2025-11-07 02:50:19.221522,0.4696486275250662,46.51804308557744,8.153740791386644,0
2025-11-07 02:50:21.221522,0.39678411178691403,42.640686947089016,7.833525559028502,0
2025-11-07 02:50:23.221522,0.4446549430274342,46.04060997456207,7.923150845925487,0
2025-11-07 02:50:25.221522,0.36207110436681067,44.045643767009075,7.7380977117222045,0
2025-11-07 02:50:27.221522,0.41038718738580515,46.94543768677955,7.836419066503259,0
2025-11-07 02:50:29.221522,0.3775888529671643,45.15943930804161,8.097765846619092,0
2025-11-07 02:50:31.221522,0.4105979267382497,44.8328628806344,8.174791281303161,0
2025-11-07 02:50:33.221522,0.38191211168327593,44.082104914978906,7.5678335604283795,0
2025-11-07 02:50:35.221522,0.43791055813058166,45.455418642095,7.909885589132841,0
2025-11-07 02:50:37.221522,0.45762709161592097,43.69961002210828,7.870880309817778,0
2025-11-07 02:50:39.221522,0.3728152481101684,42.84627587566784,7.9954221062349236,0
2025-11-07 02:50:41.221522,0.41990154728833806,44.83509858880463,8.870110745521966,0
2025-11-07 02:50:43.221522,0.38374634727250384,46.630405989423494,8.085485645015329,0
2025-11-07 02:50:45.221522,0.4373645896673186,43.22215036974726,7.414123274996341,0
2025-11-07 02:50:47.221522,0.38997707977047974,42.596665101207705,7.91909869436559,0
2025-11-07 02:50:49.221522,0.4823934830662446,44.19154995445376,8.371646540225424,0
2025-11-07 02:50:51.221522,0.40094459536210453,49.03326251828656,8.083005964916879,0
2025-11-07 02:50:53.221522,0.34792450084280196,47.21073573294151,8.592941906992316,0
2025-11-07 02:50:55.221522,0.3979979065319356,48.247722334175904,8.112411487515404,0
2025-11-07 02:50:57.221522,0.38411149647891313,46.442241979114634,8.351696086838697,0
2025-11-07 02:50:59.221522,0.4032753235506752,45.50679710204648,8.149189235274251,0
2025-11-07 02:51:01.221522,0.4036347456346487,44.97967435401015,8.047440325879831,0
2025-11-07 02:51:03.221522,0.4196764344762288,47.03899347634317,8.340289458897534,0
2025-11-07 02:51:05.221522,0.404311850488839,45.358131486782774,7.766707694752305,0
2025-11-07 02:51:07.221522,0.39664514659877714,45.78084705896323,7.661804229048283,0
2025-11-07 02:51:09.221522,0.4267034920791363,43.051378823956114,7.366152637635043,0
2025-11-07 02:51:11.221522,0.4595915694208574,46.22578358261096,8.301878144860154,0
2025-11-07 02:51:13.221522,0.3880786928831628,43.41126932562506,7.482510400702821,0
2025-11-07 02:51:15.221522,0.3484816736550225,45.436948989363714,8.312692396003664,0
2025-11-07 02:51:17.221522,0.3862304303768746,45.0145804938991,7.753275634635362,0
2025-11-07 02:51:19.221522,0.48625901652427156,46.3463912819265,7.5862043960783865,0
2025-11-07 02:51:21.221522,0.2864467931299994,43.86612776822229,7.969104094752731,0
2025-11-07 02:51:23.221522,0.42408781522046785,44.99751009472908,8.040735558483313,0
2025-11-07 02:51:25.221522,0.42649770554431393,45.67280410125495,8.183772011384535,0
2025-11-07 02:51:27.221522,0.49841136651098256,45.251832641842405,8.2556071475506,0
2025-11-07 02:51:29.221522,0.4500060048147346,44.04895988922923,7.3582353022148235,0
2025-11-07 02:51:31.221522,0.43267304477407603,43.258195292421775,7.845387220214325,0
2025-11-07 02:51:33.221522,0.45267730896788794,48.38205088588765,8.190419411789932,0
2025-11-07 02:51:35.221522,0.34898614692672314,46.800953619615235,7.792380812526221,0
2025-11-07 02:51:37.221522,0.41074360789960934,44.71740469524443,7.937155684475194,0
2025-11-07 02:51:39.221522,0.4256467622776754,44.124918508809806,7.94660572260953,0
2025-11-07 02:51:41.221522,0.38988820951316816,43.695466486878225,8.127628245870257,0
2025-11-07 02:51:43.221522,0.46236504265639,45.81221973102276,7.938940285149901,0
2025-11-07 02:51:45.221522,0.43573028022935617,45.51338521788993,8.075255055258271,0
2025-11-07 02:51:47.221522,0.36524304370676725,45.643003967032804,8.230173033301362,0
2025-11-07 02:51:49.221522,0.28673705007988953,45.955737154350544,8.363545665671985,0
2025-11-07 02:51:51.221522,0.33469688188797175,45.08144972054139,7.530926891173495,0
2025-11-07 02:51:53.221522,0.38345942282610057,42.758927384831836,7.974146179945088,0
2025-11-07 02:51:55.221522,0.41257425529024316,41.770851254109466,7.919440589023196,0
2025-11-07 02:51:57.221522,0.4101949887003047,44.83368278341259,7.773957845204018,0
2025-11-07 02:51:59.221522,0.40820636146980066,47.42457547581696,8.29185965952063,0
2025-11-07 02:52:01.221522,0.38719038041258785,44.25302346672565,8.157159494789347,0
2025-11-07 02:52:03.221522,0.3456478252872738,44.48342734400392,7.869695100389064,0
2025-11-07 02:52:05.221522,0.4549454800644174,43.40820310952751,7.8218574310707245,0
2025-11-07 02:52:07.221522,0.45013528446799056,44.23484230556029,8.211618483451149,0
2025-11-07 02:52:09.221522,0.3861293888863619,45.65452322414982,8.022932962210717,0
2025-11-07 02:52:11.221522,0.4152359655971036,42.67247375351202,8.123880462274094,0
2025-11-07 02:52:13.221522,0.3385370729093528,46.17210864718634,7.419399035542129,0
2025-11-07 02:52:15.221522,0.48063340763324336,44.170050006820716,8.254943388929837,0
2025-11-07 02:52:17.221522,0.4811671545697844,42.62244277095667,8.003683359799384,0
2025-11-07 02:52:19.221522,0.3661019640066852,44.89271338438486,7.781853553836109,0
2025-11-07 02:52:21.221522,0.49311879940247794,44.111488926352685,8.301103241694676,0
2025-11-07 02:52:23.221522,0.3661005975802033,45.45577956553059,7.669675856392783,0
2025-11-07 02:52:25.221522,0.376053328140062,44.410228281381144,7.885006248426533,0
2025-11-07 02:52:27.221522,0.4523252529283192,44.26335214754892,7.555175144560272,0
2025-11-07 02:52:29.221522,0.38263228128892507,43.730466654332744,7.8368448866925995,0
2025-11-07 02:52:31.221522,0.35542554422530737,43.50017438559623,7.885918284335015,0
2025-11-07 02:52:33.221522,0.34187154924649654,40.73161179582459,7.880731606964827,0
2025-11-07 02:52:35.221522,0.3534788848294093,47.41702184825321,8.001950447033169,0
2025-11-07 02:52:37.221522,0.33527149606281303,44.56808709692702,8.134027690636081,0
2025-11-07 02:52:39.221522,0.4993093506313569,45.66011035648613,7.770070131013584,0
2025-11-07 02:52:41.221522,0.39393262306561266,46.14053511035962,8.264809298950276,0
2025-11-07 02:52:43.221522,0.36689195099939803,42.026455668432305,7.870503650089753,0
2025-11-07 02:52:45.221522,0.42340378753748964,44.17910229986898,8.108453885906346,0
2025-11-07 02:52:47.221522,0.41335074592600385,43.62614477520258,8.329522292343807,0
2025-11-07 02:52:49.221522,0.384261952115729,43.643647264737126,8.672212488621506,0
2025-11-07 02:52:51.221522,0.3181074802913151,45.34709294267229,7.762349023668006,0
2025-11-07 02:52:53.221522,0.4154963516829733,44.135152129352406,7.7870068633934375,0
2025-11-07 02:52:55.221522,0.4049205395013911,46.01501264608839,7.595774221249313,0
2025-11-07 02:52:57.221522,0.3568524079729455,48.771119521635775,8.25097711588911,0
2025-11-07 02:52:59.221522,0.4230712424273856,46.20301895568505,8.441125369233628,0
2025-11-07 02:53:01.221522,0.4535332155660957,45.23615371759462,8.000314994220009,0
2025-11-07 02:53:03.221522,0.3896551986847573,46.02825992618885,8.32468466671117,0
2025-11-07 02:53:05.221522,0.40820194255122116,46.454778953807434,7.415124336038539,0
2025-11-07 02:53:07.221522,0.4013694447094061,45.39971420864278,7.926079869670194,0
2025-11-07 02:53:09.221522,0.3940515386293949,43.7980650160039,7.4420112585291855,0
2025-11-07 02:53:11.221522,0.45542562777017265,46.44798942672684,7.956102957194566,0
2025-11-07 02:53:13.221522,0.39827887470468815,45.620062910715276,7.897641820611929,0
2025-11-07 02:53:15.221522,0.438099254561651,45.46562115047123,7.814125531937206,0
2025-11-07 02:53:17.221522,0.3557841260872968,44.587303563891226,7.854688857546169,0
2025-11-07 02:53:19.221522,0.42759821173247325,45.96459877904194,7.7505064072111605,0
2025-11-07 02:53:21.221522,0.4684418498736995,42.99762548008286,7.782491476669026,0
2025-11-07 02:53:23.221522,0.41727316774632484,44.799914016076016,7.845685856922337,0
2025-11-07 02:53:25.221522,0.3642390595824169,44.978688006865376,8.238989479343742,0
2025-11-07 02:53:27.221522,0.36226030634645706,45.29703854498581,8.413452636701898,0
2025-11-07 02:53:29.221522,0.4151532256093614,44.60112646732051,8.131149228442718,0
2025-11-07 02:53:31.221522,0.45794957494008537,47.058574670700416,7.672563837432275,0
2025-11-07 02:53:33.221522,0.40386837806108994,44.38235887509243,7.844081234520983,0
2025-11-07 02:53:35.221522,0.41126555371315515,45.33095736091284,8.102699739451294,0
2025-11-07 02:53:37.221522,0.35689532641207244,44.486888654119475,8.076906644105051,0
2025-11-07 02:53:39.221522,0.46145712060237976,46.18333713289814,7.992655033959029,0
2025-11-07 02:53:41.221522,0.405967652978612,46.149228958511394,7.876306572076235,0
2025-11-07 02:53:43.221522,0.404698706649588,44.4833412609644,8.007639697438,0
2025-11-07 02:53:45.221522,0.4223911480735309,46.002474357930716,8.39350033594144,0
2025-11-07 02:53:47.221522,0.4647306414159151,45.0559728994161,7.476833562465792,0
2025-11-07 02:53:49.221522,0.4164111472390249,45.831073093147054,7.5825362103481595,0
2025-11-07 02:53:51.221522,0.35463441341564805,44.81368354784923,7.783972418604609,0
2025-11-07 02:53:53.221522,0.4240103676833694,44.482805065957095,8.154908594029067,0
2025-11-07 02:53:55.221522,0.46452402984946234,44.279783276584496,8.21470213356753,0
2025-11-07 02:53:57.221522,0.4012346329753454,44.6517072876872,7.759323919252921,0
2025-11-07 02:53:59.221522,0.3756773011368866,45.7678841199384,7.917501959625388,0
2025-11-07 02:54:01.221522,0.46701993042380324,46.43784416522233,7.912208582141801,0
2025-11-07 02:54:03.221522,0.36591964671961197,45.67084014640032,8.1097902253397,0
2025-11-07 02:54:05.221522,0.4009262935278776,43.040681068308515,7.781995769797485,0
2025-11-07 02:54:07.221522,0.3524548802976786,47.15950613133016,7.715997230593195,0
2025-11-07 02:54:09.221522,0.4438383039373327,45.87047426117054,8.017600140603772,0
2025-11-07 02:54:11.221522,0.36179539747782635,44.08816232076491,8.108214109202352,0
2025-11-07 02:54:13.221522,0.3761012507276085,47.523337610980946,8.184952360296169,0
2025-11-07 02:54:15.221522,0.37564191269713426,44.99013151154627,8.487379166744091,0
2025-11-07 02:54:17.221522,0.4254625216764397,45.32947547372775,8.372347285737229,0
2025-11-07 02:54:19.221522,0.32024332951112283,47.36734164307606,8.086993068805992,0
2025-11-07 02:54:21.221522,0.42749036511420374,46.13656688014736,8.529056108885637,0
2025-11-07 02:54:23.221522,0.3558588694299274,44.77356487602755,7.969880268753591,0
2025-11-07 02:54:25.221522,0.3412170025865192,45.15692956227725,8.048646164482198,0
2025-11-07 02:54:27.221522,0.4302157023968327,44.38949125404488,8.086709454044387,0
2025-11-07 02:54:29.221522,0.36148065423239617,44.14888724175472,8.217214212046988,0
2025-11-07 02:54:31.221522,0.37106186420277526,48.05921672707218,8.104945206048914,0
2025-11-07 02:54:33.221522,0.44465046761024296,48.25138239206872,7.814385416081246,0
2025-11-07 02:54:35.221522,0.36580707882513663,41.693238961600294,7.702157720490606,0
2025-11-07 02:54:37.221522,0.3471626289352055,43.705978711270305,7.785104646340948,0
2025-11-07 02:54:39.221522,0.4163691289062793,47.65254468780265,8.272372016646665,0
2025-11-07 02:54:41.221522,0.3857074572149852,45.63101449609755,8.373825435022994,0
2025-11-07 02:54:43.221522,0.31884470247712215,42.97921630897791,7.889393665120438,0
2025-11-07 02:54:45.221522,0.4101552227053788,47.92448963126472,7.529295593761573,0
2025-11-07 02:54:47.221522,0.34137190719178173,45.07554809591926,8.059471729651364,0
2025-11-07 02:54:49.221522,0.3456466383948082,47.97095958012354,8.081479542209571,0
2025-11-07 02:54:51.221522,0.49180594579658565,45.52503793063524,7.972601394381161,0
2025-11-07 02:54:53.221522,0.39272572132152284,44.06185293021801,7.749856206867734,0
2025-11-07 02:54:55.221522,0.4003078345549285,46.12608556860878,8.19515098622363,0
2025-11-07 02:54:57.221522,0.3772467474534883,44.890224163132494,7.982818566430999,0
2025-11-07 02:54:59.221522,0.3655021766408757,45.626811311993606,7.573725834447255,0
2025-11-07 02:55:01.221522,0.4909927924760414,43.60342416409859,8.274177049645152,0
2025-11-07 02:55:03.221522,0.4003048560851074,47.20562467058337,7.940273015850433,0
2025-11-07 02:55:05.221522,0.3777907163937515,42.47201137397556,7.893650950128371,0
2025-11-07 02:55:07.221522,0.3645516321653818,46.79296348739971,7.726049554547542,0
2025-11-07 02:55:09.221522,0.41325203667041976,45.11659707929868,8.356672091474167,0
2025-11-07 02:55:11.221522,0.3876403102814665,42.73725869050313,8.154668452670325,0
2025-11-07 02:55:13.221522,0.28376072909897837,46.96733830583066,7.782113830692319,0
2025-11-07 02:55:15.221522,0.45437071557950404,46.26901502427436,7.900807310245173,0
2025-11-07 02:55:17.221522,0.40488243980890326,44.570400289477696,7.592192513018805,0
2025-11-07 02:55:19.221522,0.37493984734995145,44.71871779496154,8.116532562466855,0
2025-11-07 02:55:21.221522,0.35807930152956075,44.254241244815475,8.492638994483563,0
2025-11-07 02:55:23.221522,0.47612445246695784,45.003341336030395,8.605769881336656,0
2025-11-07 02:55:25.221522,0.4328738865861755,46.41034545622483,8.389902983493268,0
2025-11-07 02:55:27.221522,0.4846033709514385,45.079872341201494,8.200805105090481,0
2025-11-07 02:55:29.221522,0.3898717830531029,44.05474518176744,8.683457790681034,0
2025-11-07 02:55:31.221522,0.3932156823954296,46.05823594023729,7.717080241707604,0
2025-11-07 02:55:33.221522,0.3519335516382621,46.02473171802173,7.362121606711789,0
2025-11-07 02:55:35.221522,0.47603558300344634,44.94568119399034,8.49803940306192,0
2025-11-07 02:55:37.221522,0.4249826087913325,46.563626588968944,7.495749336014523,0
2025-11-07 02:55:39.221522,0.42610968374186403,45.08647181668752,8.273379776712174,0
2025-11-07 02:55:41.221522,0.42872529438098883,44.88468217910741,8.197401949087126,0
2025-11-07 02:55:43.221522,0.464267244963946,45.417291900474126,8.04931314681719,0
2025-11-07 02:55:45.221522,0.3658715854088163,45.35559223525121,8.14305356520499,0
2025-11-07 02:55:47.221522,0.34620197698705496,43.0628144818677,7.959326880460344,0
2025-11-07 02:55:49.221522,0.3985767902066605,48.75920158174555,7.46258057815808,0
2025-11-07 02:55:51.221522,0.40469258331723684,44.49784640808089,7.60300954845858,0
2025-11-07 02:55:53.221522,0.3255246211279322,45.30374490843249,8.036335497791425,0
2025-11-07 02:55:55.221522,0.3701715050150486,50.66229068655717,7.983039901978806,0
2025-11-07 02:55:57.221522,0.4208789335834489,43.234301391352616,8.43670227937167,0
2025-11-07 02:55:59.221522,0.35877783797153995,44.71298786303305,8.18019525785979,0
2025-11-07 02:56:01.221522,0.34573209240803104,44.679352867245136,7.91043588832085,0
2025-11-07 02:56:03.221522,0.3457143333151219,45.543909144045855,8.041514041199198,0
2025-11-07 02:56:05.221522,0.30126998066800786,47.00031841213964,8.034889257187222,0
2025-11-07 02:56:07.221522,0.4119049169442136,46.29948791989744,7.922980505404876,0
2025-11-07 02:56:09.221522,0.37534043862112276,45.717331612637885,7.915743574542202,0
2025-11-07 02:56:11.221522,0.4251429294714595,45.86697497710042,7.827108836042073,0
2025-11-07 02:56:13.221522,0.4402441054525298,44.87438207272077,7.965872053073825,0
2025-11-07 02:56:15.221522,0.4361337155720756,45.87018516257125,7.464660873115033,0
2025-11-07 02:56:17.221522,0.3909830182201745,43.02158997279268,8.22631098490954,0
2025-11-07 02:56:19.221522,0.44713879289602915,46.54851276958491,8.622647788314532,0
2025-11-07 02:56:21.221522,0.4260795179981178,44.37320413538635,8.076422094438174,0
2025-11-07 02:56:23.221522,0.4250261498460144,46.167185405713454,7.659893222564979,0
2025-11-07 02:56:25.221522,0.4466994718871511,47.009800656462836,8.17499173135049,0
2025-11-07 02:56:27.221522,0.5135774509353728,45.786173612979674,7.767726262982927,0
2025-11-07 02:56:29.221522,0.4407535078189598,46.66095510141989,8.341037536580536,0
2025-11-07 02:56:31.221522,0.4760066097447431,45.05493549378309,7.594849729957919,0
2025-11-07 02:56:33.221522,0.3608843275066933,44.157871568237844,7.531176843582743,0
2025-11-07 02:56:35.221522,0.3735150811008194,46.769096008795984,8.00562179002366,0
2025-11-07 02:56:37.221522,0.3050148949670047,44.322597284040775,7.163183923452317,0
2025-11-07 02:56:39.221522,0.3537938943835204,44.07691952989681,7.7671252304748934,0
2025-11-07 02:56:41.221522,0.38503409455793924,44.93383880229375,8.291348499624274,0
2025-11-07 02:56:43.221522,0.30208926823229415,43.76551394704966,8.491855753690865,0
2025-11-07 02:56:45.221522,0.33295173017649093,44.989463030959755,7.367888109142119,0
2025-11-07 02:56:47.221522,0.44685506325324564,45.305711917808694,8.46707695971739,0
2025-11-07 02:56:49.221522,0.41105263031151656,44.96997429259106,8.159760094570538,0
2025-11-07 02:56:51.221522,0.40309653115479605,43.358647484524724,7.905849448053914,0
2025-11-07 02:56:53.221522,0.4717216737481008,45.62934700866463,8.274047482084413,0
2025-11-07 02:56:55.221522,0.31662930021738156,44.53338707623646,7.85908217113554,0
2025-11-07 02:56:57.221522,0.34253772982344843,44.97424158157025,8.077210384676903,0
2025-11-07 02:56:59.221522,0.341699557080861,43.66087795566421,7.527894159876679,0
2025-11-07 02:57:01.221522,0.3553121964500862,42.758244886888676,8.060399902755059,0
2025-11-07 02:57:03.221522,0.47076505327035034,42.74443183928998,7.877582321666379,0
2025-11-07 02:57:05.221522,0.3852851927266522,44.125396738530746,7.5767331488535605,0
2025-11-07 02:57:07.221522,0.49566102346994456,43.65933238845237,8.172244314509735,0
2025-11-07 02:57:09.221522,0.36368163400316933,46.121423027930355,8.255910697966351,0
2025-11-07 02:57:11.221522,0.3618767420813851,44.52041901174326,8.286253126317726,0
2025-11-07 02:57:13.221522,0.36325078644808706,45.41678724289793,8.37237919232791,0
2025-11-07 02:57:15.221522,0.42935528951087915,43.66688176260706,7.782308092150576,0
2025-11-07 02:57:17.221522,0.3985806541446445,44.895759993224246,7.954144064886145,0
2025-11-07 02:57:19.221522,0.3165719243870472,43.85619882968909,7.891706255276004,0
2025-11-07 02:57:21.221522,0.455406455511153,43.12495643337154,7.916422063916802,0
2025-11-07 02:57:23.221522,0.4260936388736695,45.223005856160384,7.751342424226428,0
2025-11-07 02:57:25.221522,0.45403753682576353,42.82690990454551,8.130399594307786,0
2025-11-07 02:57:27.221522,0.33073900628574604,45.97089710272001,7.7207631921388264,0
2025-11-07 02:57:29.221522,0.48988363993815426,43.09768504132444,8.064847125177005,0
2025-11-07 02:57:31.221522,0.46652546805739575,44.64794613289671,7.857693425118524,0
2025-11-07 02:57:33.221522,0.4647750454658871,46.70639646497864,7.86647570691304,0
2025-11-07 02:57:35.221522,0.4208911612496693,44.286330124501184,8.171042527545884,0
2025-11-07 02:57:37.221522,0.3937522353063894,43.84608471412349,7.964383349060708,0
2025-11-07 02:57:39.221522,0.36530996761079765,42.55666311992657,7.9873626862043965,0
2025-11-07 02:57:41.221522,0.419503173009833,44.79478011935245,7.590500487498151,0
2025-11-07 02:57:43.221522,0.39641342837151206,45.654571709245175,8.546353830153832,0
2025-11-07 02:57:45.221522,0.3230157643793209,42.41106432480701,7.879190069434324,0
2025-11-07 02:57:47.221522,0.3385534152577579,45.600383351435404,8.263985739574407,0
2025-11-07 02:57:49.221522,0.4047813954332458,42.82104036873656,8.118277964201473,0
2025-11-07 02:57:51.221522,0.3865293419533731,47.26572585280836,7.780834821901664,0
2025-11-07 02:57:53.221522,0.34818074635266666,43.93935121063204,7.888533447811163,0
2025-11-07 02:57:55.221522,0.45553667245791307,45.29436960046166,7.983065969268185,0
2025-11-07 02:57:57.221522,0.3746366502138369,42.625360582125346,7.610538384851761,0
2025-11-07 02:57:59.221522,0.42075147652737976,43.870393224891345,8.483228243783696,0
2025-11-07 02:58:01.221522,0.34792400285644287,45.639956913240354,7.462606394936445,0
2025-11-07 02:58:03.221522,0.33013483922478903,44.90249227155465,7.647299882561917,0
2025-11-07 02:58:05.221522,0.34714792339953765,46.02050079158235,8.229275694152607,0
2025-11-07 02:58:07.221522,0.37865851403291545,45.311134269181245,7.5210230413124,0
2025-11-07 02:58:09.221522,0.3990546541977099,44.14572374999175,8.206821489388608,0
2025-11-07 02:58:11.221522,0.419668890318496,43.984640573282825,8.164100826562306,0
2025-11-07 02:58:13.221522,0.4211925167965724,44.16251276011124,7.853611197644552,0
2025-11-07 02:58:15.221522,0.5167983399899323,44.32471961644713,8.199252535454084,0
2025-11-07 02:58:17.221522,0.38766327702598063,46.00103414029552,8.164764343477856,0
2025-11-07 02:58:19.221522,0.29972336207591077,45.52665821115908,7.782140520484231,0
2025-11-07 02:58:21.221522,0.4281806373741141,43.27560769244073,7.341303449958135,0
2025-11-07 02:58:23.221522,0.3606968440225915,44.7878875962706,7.558617052289658,0
2025-11-07 02:58:25.221522,0.3442151436928069,47.02440963074274,7.848960255783318,0
2025-11-07 02:58:27.221522,0.3634961631433362,43.60134352255225,7.523888730336956,0
2025-11-07 02:58:29.221522,0.3707753489906228,47.32362722627787,8.404388174978045,0
2025-11-07 02:58:31.221522,0.27516568330946817,45.34803480685449,7.359556174237293,0
2025-11-07 02:58:33.221522,0.37537788132818006,46.038564522908416,8.282498858580869,0
2025-11-07 02:58:35.221522,0.3593526240326493,44.61048088477725,8.410172547848651,0
2025-11-07 02:58:37.221522,0.32662790258947455,44.90993557405271,7.812231175484816,0
2025-11-07 02:58:39.221522,0.5055438603360789,42.232664815466094,8.023096297590131,0
2025-11-07 02:58:41.221522,0.4467786494429147,44.168725446176154,7.779595515565391,0
2025-11-07 02:58:43.221522,0.41331283644787514,43.99181305964481,8.15536088059959,0
2025-11-07 02:58:45.221522,0.4056782249498276,43.075339303152354,7.677607011934635,0
2025-11-07 02:58:47.221522,0.4284581251559185,42.63395642210392,7.980602434726882,0
2025-11-07 02:58:49.221522,0.3657258814727351,45.00315195875808,7.76604091165871,0
2025-11-07 02:58:51.221522,0.375569049513048,44.937369980035356,8.020520932089553,0
2025-11-07 02:58:53.221522,0.4224925592935657,43.646843031404146,7.520897672898898,0
2025-11-07 02:58:55.221522,0.504231311835126,44.481494559598836,8.48145675966985,0
2025-11-07 02:58:57.221522,0.40455189463604385,45.56876015227949,8.094914192013979,0
2025-11-07 02:58:59.221522,0.3344504835527192,43.38007173287837,7.681002663478171,0
2025-11-07 02:59:01.221522,0.35610349169134403,44.471338283701876,8.443897668242496,0
2025-11-07 02:59:03.221522,0.4395902711356428,47.31937241467395,7.796803835488155,0
2025-11-07 02:59:05.221522,0.4620472567327958,42.75931363459329,8.247457935857026,0
2025-11-07 02:59:07.221522,0.43059445263607043,43.690291517984186,7.926704080519968,0
2025-11-07 02:59:09.221522,0.3200225471038268,42.27369376903069,8.358239393507958,0
2025-11-07 02:59:11.221522,0.3796368492758485,44.82516053937839,7.7235569152312795,0
2025-11-07 02:59:13.221522,0.38174633921611184,44.142546812250934,8.175253808516262,0
2025-11-07 02:59:15.221522,0.34401022056971814,42.908820898789,7.757435914596293,0
2025-11-07 02:59:17.221522,0.49050496305416363,46.88299003747163,7.777814001542908,0
2025-11-07 02:59:19.221522,0.31558767606338295,45.45403219179306,7.473718153205001,0
2025-11-07 02:59:21.221522,0.4481643382246549,42.919227280141634,8.272315980656835,0
2025-11-07 02:59:23.221522,0.43637355166379316,41.19253724300945,7.890049772000674,0
2025-11-07 02:59:25.221522,0.405197739900643,44.88086538374544,7.918647268429642,0
2025-11-07 02:59:27.221522,0.41620565259573883,45.19750969037783,8.031271064570312,0
2025-11-07 02:59:29.221522,0.4042690394738666,44.86579391553913,7.912893822835839,0
2025-11-07 02:59:31.221522,0.4308655742053083,44.75620732001834,8.357654003230735,0
2025-11-07 02:59:33.221522,0.4325300938984898,42.67516237501464,7.974280962476426,0
2025-11-07 02:59:35.221522,0.38521412930570903,43.24509765090884,7.865265576688371,0
2025-11-07 02:59:37.221522,0.37657734799710796,49.77090616553686,7.8936930962662775,0
2025-11-07 02:59:39.221522,0.37908694855240344,45.44803718349872,7.7791091076934205,0
2025-11-07 02:59:41.221522,0.3143887642849119,44.583810386730114,7.845821556552312,0
2025-11-07 02:59:43.221522,0.4870175169450927,44.94925321443366,8.316338248705067,0
2025-11-07 02:59:45.221522,0.35525509674735894,44.854003388732814,7.6362141498719325,0
2025-11-07 02:59:47.221522,0.33620266192096476,44.38154428111351,7.872214699723558,0
2025-11-07 02:59:49.221522,0.3662860148542688,43.67408015687539,8.100953711414192,0
2025-11-07 02:59:51.221522,0.35365337476629766,45.21345170701954,8.073737871344175,0
2025-11-07 02:59:53.221522,0.3310059194815929,44.401232903670305,7.892457020968788,0
2025-11-07 02:59:55.221522,0.28762768324244803,47.00012732783256,8.063628133134392,0
2025-11-07 02:59:57.221522,0.46641374614568276,45.45181342909369,7.9320237837449366,0
2025-11-07 02:59:59.221522,0.3427064536938927,45.7083793417192,8.019263456821498,0
2025-11-07 03:00:01.221522,0.3883164133625786,45.88256566034391,8.124465473932267,0
2025-11-07 03:00:03.221522,0.43807880160304496,41.45357265080998,7.797680381708265,0
2025-11-07 03:00:05.221522,0.48632479133139106,44.70195083331955,7.6250900238446455,0
2025-11-07 03:00:07.221522,0.43017469060436125,44.96802198486233,8.080875662202976,0
2025-11-07 03:00:09.221522,0.4461546329153001,45.90939523978345,8.035434486087759,0
2025-11-07 03:00:11.221522,0.44972996576412116,44.27037789477771,7.460561786647347,0
2025-11-07 03:00:13.221522,0.44930172528211915,45.194077252873726,7.6071155464707205,0
2025-11-07 03:00:15.221522,0.4074956292143872,47.39695110096345,8.319295673442019,0
2025-11-07 03:00:17.221522,0.447627450178914,44.36442768084748,7.913506898551746,0
2025-11-07 03:00:19.221522,0.3390027144567737,42.79120053166645,8.13496812473308,0
2025-11-07 03:00:21.221522,0.4491805932560543,47.74656736109325,8.284977383819152,0
2025-11-07 03:00:23.221522,0.4643468946877128,48.048923899224945,8.117165659937774,0
2025-11-07 03:00:25.221522,0.35232101548291267,46.22869874683601,7.924927604270691,0
2025-11-07 03:00:27.221522,0.45982097622532375,43.81963828420153,8.427172749798384,0
2025-11-07 03:00:29.221522,0.35503701916134534,45.99616857036698,7.7325752066560565,0
2025-11-07 03:00:31.221522,0.37771804367866385,42.966203186325586,8.368783205029489,0
2025-11-07 03:00:33.221522,0.4475903501595057,43.42779177712488,8.061991663791074,0
2025-11-07 03:00:35.221522,0.47741640508215233,43.47461295759628,7.98525922560994,0
2025-11-07 03:00:37.221522,0.38308195368766235,46.33781166080666,8.11069109238385,0
2025-11-07 03:00:39.221522,0.4513185517152597,43.13079014026137,7.529802896461141,0
2025-11-07 03:00:41.221522,0.3546866158452209,44.222274961500126,8.176498572544812,0
2025-11-07 03:00:43.221522,0.3601141236919445,44.53253841610524,7.666861066622979,0
2025-11-07 03:00:45.221522,0.4104123745164911,45.15603548924921,8.124931136037832,0
2025-11-07 03:00:47.221522,0.4140003411423827,44.01326646269732,7.49595505947094,0
2025-11-07 03:00:49.221522,0.44102472045678426,45.94313284613607,7.534402212082507,0
2025-11-07 03:00:51.221522,0.4267007270771116,44.893164410036796,7.682980069962401,0
2025-11-07 03:00:53.221522,0.35662987158666226,46.63694257799068,7.892554105746597,0
2025-11-07 03:00:55.221522,0.4174828150154294,42.60087578758338,7.891836504916705,0
2025-11-07 03:00:57.221522,0.36755387495844727,43.10392112088987,8.262722566074116,0
2025-11-07 03:00:59.221522,0.336716252575489,45.68105980475156,8.017406459094087,0
2025-11-07 03:01:01.221522,0.4212851543742821,46.10894973586694,7.662534813859258,0
2025-11-07 03:01:03.221522,0.42234871489328407,46.574101562036695,7.641475858978886,0
2025-11-07 03:01:05.221522,0.5217465584283143,43.744207721599714,7.912072262773617,0
2025-11-07 03:01:07.221522,0.3909668399102403,41.55674164087971,8.378150241934076,0
2025-11-07 03:01:09.221522,0.4800411343847391,45.65464697150802,8.455848992750823,0
2025-11-07 03:01:11.221522,0.35758260077598886,45.534682182589364,7.518904493024016,0
2025-11-07 03:01:13.221522,0.4496915399530923,46.95671637689732,7.653923362562995,0
2025-11-07 03:01:15.221522,0.3960944290444276,41.49334408144628,7.899396834156398,0
2025-11-07 03:01:17.221522,0.3701352547496078,45.75825626589054,7.437623206774825,0
2025-11-07 03:01:19.221522,0.4487913844010155,44.801502506725015,8.015325256678553,0
2025-11-07 03:01:21.221522,0.3527405409034433,43.36225245425322,8.2326383464287,0
2025-11-07 03:01:23.221522,0.3987763843515969,46.844860399983226,7.842344255754332,0
2025-11-07 03:01:25.221522,0.31079606480712973,45.35288074986206,7.708248256565091,0
2025-11-07 03:01:27.221522,0.29075366961103416,44.18540689624336,8.062047807597523,0
2025-11-07 03:01:29.221522,0.48961705820858065,46.41048094996371,8.127379302152983,0
2025-11-07 03:01:31.221522,0.3715225615005758,43.53117666113454,8.000276269155624,0
2025-11-07 03:01:33.221522,0.37304453000709403,44.63628010785939,7.785528443767649,0
2025-11-07 03:01:35.221522,0.4679405814878992,45.6290674377723,7.929207604641082,0
2025-11-07 03:01:37.221522,0.4247540611780161,44.44895489614925,8.246181824022914,0
2025-11-07 03:01:39.221522,0.3716686086906993,44.39359325853103,7.958430954375715,0
2025-11-07 03:01:41.221522,0.42057998235598326,46.24205111698855,7.977431680263634,0
2025-11-07 03:01:43.221522,0.3041153156379154,47.190825024923136,7.868087679865767,0
2025-11-07 03:01:45.221522,0.3270833704075768,43.735895940242195,8.807483974699027,0
2025-11-07 03:01:47.221522,0.34970890104586566,43.008324648201466,8.382684871357144,0
2025-11-07 03:01:49.221522,0.46224403709659106,42.864612718908894,7.982952194202556,0
2025-11-07 03:01:51.221522,0.35883244704818396,44.66564629423845,7.738698164518094,0
2025-11-07 03:01:53.221522,0.438594283592011,45.65240889727656,7.6755233626372545,0
2025-11-07 03:01:55.221522,0.3233069294972862,46.43380353077442,8.143815381320836,0
2025-11-07 03:01:57.221522,0.44742649411947016,43.5666287014199,8.050525008462138,0
2025-11-07 03:01:59.221522,0.3777532488167688,45.55551515147398,7.727674587998956,0
2025-11-07 03:02:01.221522,0.42639691477419106,43.94814889609733,7.983663995315697,0
2025-11-07 03:02:03.221522,0.4125015577015025,44.08622908362451,8.316372347544023,0
2025-11-07 03:02:05.221522,0.43609159763957,45.52242305965806,7.708232750042481,0
2025-11-07 03:02:07.221522,0.5028886259283419,44.23183925419819,8.20228098735539,0
2025-11-07 03:02:09.221522,0.3816824128411857,43.59078151802879,7.552649290829226,0
2025-11-07 03:02:11.221522,0.3444975649348326,41.532779993974074,8.008186203131297,0
2025-11-07 03:02:13.221522,0.4873497614461431,40.492867934980204,8.375725743809697,0
2025-11-07 03:02:15.221522,0.3247706621047876,45.008783582675385,7.5532860322648645,0
2025-11-07 03:02:17.221522,0.3907807707912436,44.27205661078454,7.906360465364494,0
2025-11-07 03:02:19.221522,0.40993917747259306,45.234013724936325,8.10618139226324,0
2025-11-07 03:02:21.221522,0.36157817097972966,44.26144925462044,8.026169891368177,0
2025-11-07 03:02:23.221522,0.3261062356701292,47.256408289745636,8.54195431709572,0
2025-11-07 03:02:25.221522,0.47806117832413997,44.65090615740813,8.248494446223788,0
2025-11-07 03:02:27.221522,0.490335199037415,45.79361046784991,7.827833978557969,0
2025-11-07 03:02:29.221522,0.4561945198601434,47.39995633252227,8.300979814767153,0
2025-11-07 03:02:31.221522,0.3679384583019696,44.84994448401724,8.453537237338931,0
2025-11-07 03:02:33.221522,0.32232345200261525,43.73103662049163,7.989654974734009,0
2025-11-07 03:02:35.221522,0.34776045108317905,45.53284006498787,7.857177887519982,0
2025-11-07 03:02:37.221522,0.42747689046260484,45.54876121925025,8.301330925872982,0
2025-11-07 03:02:39.221522,0.4289984384731056,45.65089619480029,7.703483196589639,0
2025-11-07 03:02:41.221522,0.3526550662203494,43.2315924390515,7.773863855259562,0
2025-11-07 03:02:43.221522,0.3419615212503539,44.797632986271964,7.53194247150053,0
2025-11-07 03:02:45.221522,0.34538978141438537,45.98927757385608,7.874958332920593,0
2025-11-07 03:02:47.221522,0.3735650577109621,45.19638904203824,8.470211362225093,0
2025-11-07 03:02:49.221522,0.4582302950404305,47.33531742378173,7.7061200448632965,0
2025-11-07 03:02:51.221522,0.4073269594364734,45.937310907651025,7.661929972792829,0
2025-11-07 03:02:53.221522,0.4903822519514738,41.88064238576431,8.169911962912433,0
2025-11-07 03:02:55.221522,0.4545747608595086,45.4740305080428,8.084807364112946,0
2025-11-07 03:02:57.221522,0.33596571528920266,42.90178203553678,7.5144114409513,0
2025-11-07 03:02:59.221522,0.3496618024212445,47.5774790617039,8.076541065896158,0
2025-11-07 03:03:01.221522,0.4473003691057619,48.04275540338371,7.6333770340513585,0
2025-11-07 03:03:03.221522,0.4077905299626848,44.9126199362082,8.438613809028295,0
2025-11-07 03:03:05.221522,0.4160905028534352,43.92000774738029,7.543235056759844,0
2025-11-07 03:03:07.221522,0.49592066230479176,44.65206002768204,8.386207596058407,0
2025-11-07 03:03:09.221522,0.33949216585067027,44.961623036019944,7.719896329527655,0
2025-11-07 03:03:11.221522,0.3809686043135417,48.577098960823726,8.029791742808936,0
2025-11-07 03:03:13.221522,0.34600341416779473,46.61387841670197,8.08151663049379,0
2025-11-07 03:03:15.221522,0.4511927671097742,46.11903373639848,8.548973516446564,0
2025-11-07 03:03:17.221522,0.4119589496972268,46.24933386024965,8.073178251796916,0
2025-11-07 03:03:19.221522,0.497207962391897,45.503070220989834,7.806023198867891,0
2025-11-07 03:03:21.221522,0.36576678512128113,45.628306437497386,8.051229534365328,0
2025-11-07 03:03:23.221522,0.4867909289101992,45.894548401226,7.434338224182405,0
2025-11-07 03:03:25.221522,0.506923745142832,46.25450012871883,8.103871233460797,0
2025-11-07 03:03:27.221522,0.445906841854496,46.08743236400217,7.645455662627746,0
2025-11-07 03:03:29.221522,0.3067840321954726,44.73707844115375,7.6839626191886,0
2025-11-07 03:03:31.221522,0.3102985991838723,43.83160959599579,8.289907539508853,0
2025-11-07 03:03:33.221522,0.3947227486658163,46.70152321732944,7.355707001548718,0
2025-11-07 03:03:35.221522,0.32875987622439906,45.01150478551532,7.7622499291611815,0
2025-11-07 03:03:37.221522,0.3712005062688523,45.61342468363566,7.581805915135279,0
2025-11-07 03:03:39.221522,0.45498808212746233,43.30116920434972,8.30272671027793,0
2025-11-07 03:03:41.221522,0.37864752008702035,44.17122511788489,8.149390540115004,0
2025-11-07 03:03:43.221522,0.3899872042175842,45.80487429888688,7.961884334388982,0
2025-11-07 03:03:45.221522,0.4028365590403249,47.7588780249498,7.661947064316525,0
2025-11-07 03:03:47.221522,0.4140897842033311,45.98273544097136,7.513917455979646,0
2025-11-07 03:03:49.221522,0.40133714096075407,47.16895640661245,7.91946353682994,0
2025-11-07 03:03:51.221522,0.39335613880806863,44.13419582881558,7.940722514015152,0
2025-11-07 03:03:53.221522,0.5217573407383196,45.122934832915426,7.917973646474385,0
2025-11-07 03:03:55.221522,0.4673239015367175,48.038484175221924,7.561589921840624,0
2025-11-07 03:03:57.221522,0.4019167194921598,44.84701594298032,8.052445051170308,0
2025-11-07 03:03:59.221522,0.47522204976287596,44.946886912645255,8.330204193039494,0
2025-11-07 03:04:01.221522,0.3374180432085355,44.51028870331511,8.274062045793373,0
2025-11-07 03:04:03.221522,0.44034887041988985,43.76429428322647,7.767460810834457,0
2025-11-07 03:04:05.221522,0.3694544638893559,45.299450371965996,8.094321490755961,0
2025-11-07 03:04:07.221522,0.4023805342453988,45.255233980732584,7.771295959981586,0
2025-11-07 03:04:09.221522,0.39114391052729,44.914947560990846,8.023570475090434,0
2025-11-07 03:04:11.221522,0.3682532781172936,46.14818081080287,8.124683879887401,0
2025-11-07 03:04:13.221522,0.34716272210665267,44.6738193970884,8.212771415546428,0
2025-11-07 03:04:15.221522,0.40427283159884225,45.097269268234754,7.828244350207393,0
2025-11-07 03:04:17.221522,0.4087142507081732,46.27097463836549,7.943772265636021,0
2025-11-07 03:04:19.221522,0.4709749816458085,44.40035167387797,8.32708470968971,0
2025-11-07 03:04:21.221522,0.418799864315589,45.37078161383088,7.593409811858744,0
2025-11-07 03:04:23.221522,0.3949485227181073,45.852572023413884,8.06863239296659,0
2025-11-07 03:04:25.221522,0.3104699827081802,42.938884585748966,8.065186700556197,0
2025-11-07 03:04:27.221522,0.38420042920088593,43.553881126912636,7.714311910365921,0
2025-11-07 03:04:29.221522,0.4867810089743015,44.85847137074052,8.1652945320258,0
2025-11-07 03:04:31.221522,0.3749569327539077,42.74145714631729,8.008822187613385,0
2025-11-07 03:04:33.221522,0.3500950495438132,42.76870375717127,7.510886595676523,0
2025-11-07 03:04:35.221522,0.38085535220231254,43.504088269779075,7.617201784717706,0
2025-11-07 03:04:37.221522,0.4406963709149701,45.019607525851306,7.604640535161889,0
2025-11-07 03:04:39.221522,0.39382210189446704,46.392732220536665,7.70949877432291,0
2025-11-07 03:04:41.221522,0.416726752271831,44.9771126241978,8.310400397853217,0
2025-11-07 03:04:43.221522,0.42385125430390147,44.53370959088393,7.850510523990581,0
2025-11-07 03:04:45.221522,0.4121367718061996,46.94992356593829,8.018855328917255,0
2025-11-07 03:04:47.221522,0.4382959453965625,47.44662193607405,7.373004692233501,0
2025-11-07 03:04:49.221522,0.46981548930392747,44.7567156190201,8.14546650285299,0
2025-11-07 03:04:51.221522,0.43713148916936484,47.991989605049284,7.77694576009928,0
2025-11-07 03:04:53.221522,0.47875270439312106,44.23724324410298,7.419762204884654,0
2025-11-07 03:04:55.221522,0.3743613039215986,48.509448186094055,8.058905050692777,0
2025-11-07 03:04:57.221522,0.38995306821764314,46.40447048820835,7.874766154337319,0
2025-11-07 03:04:59.221522,0.4012515509510088,45.75058646654775,8.10373191252732,0
2025-11-07 03:05:01.221522,0.4213611435888895,48.02840735778612,8.321771861210678,0
2025-11-07 03:05:03.221522,0.3755226977222904,45.000147505315795,8.26427321220708,0
2025-11-07 03:05:05.221522,0.46266564435775315,45.586535145647424,7.865386004598903,0
2025-11-07 03:05:07.221522,0.43597858071094486,40.262358887626945,7.6543674885055815,0
2025-11-07 03:05:09.221522,0.449860186508622,45.46575446522294,8.047138787429322,0
2025-11-07 03:05:11.221522,0.3844951491156803,42.717409103330965,7.667979089313319,0
2025-11-07 03:05:13.221522,0.40778828697621966,44.101368185244645,8.151406586513053,0
2025-11-07 03:05:15.221522,0.45977157971084476,43.425037130146634,8.232270414788948,0
2025-11-07 03:05:17.221522,0.38497201973155587,43.96942799410402,8.39126499810887,0
2025-11-07 03:05:19.221522,0.36323052740248885,47.22074657270374,7.63217360740031,0
2025-11-07 03:05:21.221522,0.4391661263952346,45.16243269394598,8.097713131913103,0
2025-11-07 03:05:23.221522,0.4080534344610104,43.14244828955254,8.015623956640535,0
2025-11-07 03:05:25.221522,0.3586019014616687,45.93712639359951,8.09202345770064,0
2025-11-07 03:05:27.221522,0.41272784276172775,45.51278778362114,7.527453605276596,0
2025-11-07 03:05:29.221522,0.3870756006012043,44.568771214361256,7.649093370221004,0
2025-11-07 03:05:31.221522,0.3551986967155095,43.96985431998127,7.676446477257515,0
2025-11-07 03:05:33.221522,0.4457421285626,42.9686743961889,7.449546073496056,0
2025-11-07 03:05:35.221522,0.40163967601500683,44.40835624055198,8.32200376402653,0
2025-11-07 03:05:37.221522,0.36220645886441605,47.64838461066124,7.727806518492491,0
2025-11-07 03:05:39.221522,0.3474546007033098,42.719793372342345,7.904516625943105,0
2025-11-07 03:05:41.221522,0.4021957207688765,44.96449445221066,8.374058694347543,0
2025-11-07 03:05:43.221522,0.3804198244295094,46.28776831117473,7.8226823380104635,0
2025-11-07 03:05:45.221522,0.4003057547228281,45.886748770121606,7.536560032076129,0
2025-11-07 03:05:47.221522,0.39585152903601756,44.80676450522925,7.701318710717557,0
2025-11-07 03:05:49.221522,0.4399237922714479,44.17333040569386,8.195260868396343,0
2025-11-07 03:05:51.221522,0.3671106157893101,43.029088550891124,8.213963565403455,0
2025-11-07 03:05:53.221522,0.4394728851211224,43.17441674224521,8.56100833816529,0
2025-11-07 03:05:55.221522,0.38684020365288757,44.58666374106861,8.219880198701352,0
2025-11-07 03:05:57.221522,0.3681614954400459,41.53959030051636,8.127876593034381,0
2025-11-07 03:05:59.221522,0.3237266657546969,46.04157081120869,8.070662867479061,0
2025-11-07 03:06:01.221522,0.4199882892828325,46.91667812588763,7.909029549564293,0
2025-11-07 03:06:03.221522,0.3737593559737223,43.21743074848502,7.880553139454532,0
2025-11-07 03:06:05.221522,0.34560226476204037,43.05010267864608,7.8362895220831525,0
2025-11-07 03:06:07.221522,0.4638630502655072,42.12993359979835,7.723273040277915,0
2025-11-07 03:06:09.221522,0.48389509026043626,43.599527677837536,8.516593121383016,0
2025-11-07 03:06:11.221522,0.4573249437248366,45.61489261046797,7.651436455275168,0
2025-11-07 03:06:13.221522,0.3577064035518843,46.80390420316095,7.831426123964895,0
2025-11-07 03:06:15.221522,0.3828083196970227,44.61647776859773,8.75694766509498,0
2025-11-07 03:06:17.221522,0.3957486101589843,43.64565882136075,8.009177515981122,0
2025-11-07 03:06:19.221522,0.4449610948269567,45.15213200553803,7.7417053786373105,0
2025-11-07 03:06:21.221522,0.35507006297575733,47.619998567147725,7.975383043543065,0
2025-11-07 03:06:23.221522,0.4109726012227733,45.336573748617454,8.14421122353998,0
2025-11-07 03:06:25.221522,0.30415778103322944,45.193724225742336,8.57143134091803,0
2025-11-07 03:06:27.221522,0.3884096806025215,45.577637346131326,7.664030715128988,0
2025-11-07 03:06:29.221522,0.34319228278265845,44.130276159969,8.16345186510339,0
2025-11-07 03:06:31.221522,0.3839987626837725,45.056183697055594,8.226845840107408,0
2025-11-07 03:06:33.221522,0.43836953452656896,45.56073468411686,7.647328982389731,0
2025-11-07 03:06:35.221522,0.4496860089488269,44.61632842996759,8.241192563471708,0
2025-11-07 03:06:37.221522,0.3575753452022039,44.63118365668608,8.044888793413099,0
2025-11-07 03:06:39.221522,0.36223579087606544,45.23179288061885,8.221660953505625,0
2025-11-07 03:06:41.221522,0.38336748479934313,44.256540930011944,8.575850911048772,0
2025-11-07 03:06:43.221522,0.33937163183465024,44.91538833304379,8.024765737412116,0
2025-11-07 03:06:45.221522,0.40575693951554226,43.52384349544892,8.248875427919849,0
2025-11-07 03:06:47.221522,0.38263024577387417,45.270045232827606,7.654978573811032,0
2025-11-07 03:06:49.221522,0.32087623905171986,45.00387496679721,7.9326035566889574,0
2025-11-07 03:06:51.221522,0.3554084730762068,44.49044070531601,8.177776984309654,0
2025-11-07 03:06:53.221522,0.3737986117852317,44.60047968339192,7.855020142747697,0
2025-11-07 03:06:55.221522,0.35642146626145116,47.78851047241424,8.168089839556854,0
2025-11-07 03:06:57.221522,0.4832835066642508,45.862301510699766,7.822237113834143,0
2025-11-07 03:06:59.221522,0.33645958200621084,46.43576069558992,7.911344369839507,0
2025-11-07 03:07:01.221522,0.4031385840461157,43.55304914080971,8.68280838259344,0
2025-11-07 03:07:03.221522,0.4184885851503454,44.74219282222068,7.582477132325018,0
2025-11-07 03:07:05.221522,0.41880646659705517,44.58514441664767,7.925519012068011,0
2025-11-07 03:07:07.221522,0.39333027969403944,45.90205713382363,7.692980444600012,0
2025-11-07 03:07:09.221522,0.49060644574138473,45.4917089926655,7.3167321533177185,0
2025-11-07 03:07:11.221522,0.4196995339880991,44.101946487038624,8.351524359885618,0
2025-11-07 03:07:13.221522,0.4347421998473964,44.006543018923644,8.194778143245767,0
2025-11-07 03:07:15.221522,0.31599846971206236,44.63924672502693,8.028426453616024,0
2025-11-07 03:07:17.221522,0.4345220683933012,46.20784939051268,8.758254715155301,0
2025-11-07 03:07:19.221522,0.4154759386453024,43.46470606502689,8.10197597018174,0
2025-11-07 03:07:21.221522,0.37450072105308835,44.83126930475006,8.179396650948895,0
2025-11-07 03:07:23.221522,0.4152695073787228,45.72929105597547,7.595514403421874,0
2025-11-07 03:07:25.221522,0.26889671459591485,42.947935916914794,7.743471477213361,0
2025-11-07 03:07:27.221522,0.4330284428312,42.82218401286277,7.750297263332351,0
2025-11-07 03:07:29.221522,0.40328044605454294,48.81084741105685,8.028468690816442,0
2025-11-07 03:07:31.221522,0.4475666953003899,44.9984260482449,8.185971812886283,0
2025-11-07 03:07:33.221522,0.4059014152262304,45.645315179330034,7.747400878248745,0
2025-11-07 03:07:35.221522,0.3552555469940277,46.69491964337061,7.572762162506322,0
2025-11-07 03:07:37.221522,0.42888884235425423,44.29619434139469,8.1585968042372,0
2025-11-07 03:07:39.221522,0.39466593889888024,45.47752077397599,7.7131206779167805,0
2025-11-07 03:07:41.221522,0.4319963868700608,45.3571325950083,8.219553062465792,0
2025-11-07 03:07:43.221522,0.36378649162985655,46.428361662250374,8.01316095770239,0
2025-11-07 03:07:45.221522,0.5128070570750399,47.60232146628777,8.287784926313087,0
2025-11-07 03:07:47.221522,0.38902628479123663,48.13819143390246,8.30030806251931,0
2025-11-07 03:07:49.221522,0.4077021401666651,45.53816638980463,8.258340374737232,0
2025-11-07 03:07:51.221522,0.3340227590108187,45.65737516781882,7.905928435749673,0
2025-11-07 03:07:53.221522,0.2884317919303789,42.258306154261646,7.789304418208152,0
2025-11-07 03:07:55.221522,0.3922905486265058,46.136486234075996,7.722281771408988,0
2025-11-07 03:07:57.221522,0.36376800679799914,46.25344097906717,8.37429042858797,0
2025-11-07 03:07:59.221522,0.4638287584655332,45.23408022476817,8.095097740012914,0
2025-11-07 03:08:01.221522,0.4359566530304536,46.48523992799853,8.257519366649401,0
2025-11-07 03:08:03.221522,0.3833564892170021,44.37141601556854,7.463528022238756,0
2025-11-07 03:08:05.221522,0.38409311231625953,42.5152402955184,8.0292127096078,0
2025-11-07 03:08:07.221522,0.41081689052626597,45.8801728799058,7.702103735169409,0
2025-11-07 03:08:09.221522,0.4417726518732402,43.51365840768128,8.533774663801724,0
2025-11-07 03:08:11.221522,0.459705730356898,42.96717519642949,8.054401662163949,0
2025-11-07 03:08:13.221522,0.3390080616316042,45.831150805273495,8.107343167115456,0
2025-11-07 03:08:15.221522,0.4126407649866905,44.651141174481864,8.160152348354393,0
2025-11-07 03:08:17.221522,0.38099376493461834,44.511263754458426,8.137936046874254,0
2025-11-07 03:08:19.221522,0.3279598815763186,44.914636629871055,8.480581970869492,0
2025-11-07 03:08:21.221522,0.3848711543943981,44.422217569964246,7.972242414346374,0
2025-11-07 03:08:23.221522,0.42885000690101066,46.20736113027242,8.082930923363387,0
2025-11-07 03:08:25.221522,0.3623064305845541,43.08092374883988,7.848115334329653,0
2025-11-07 03:08:27.221522,0.48702507141224094,43.78478264553381,7.903892236124255,0
2025-11-07 03:08:29.221522,0.4212502896808577,45.88416945814946,7.955086721154306,0
2025-11-07 03:08:31.221522,0.41258702294117877,43.529293939295556,8.375671032683789,0
2025-11-07 03:08:33.221522,0.3668722006982712,45.707370081336144,7.71069269324087,0
2025-11-07 03:08:35.221522,0.38097761400339175,46.1506187070728,7.994652393977848,0
2025-11-07 03:08:37.221522,0.43819244236810745,47.38661019096908,8.332648462680902,0
2025-11-07 03:08:39.221522,0.4383539503006971,46.05867971620032,8.048194972957283,0
2025-11-07 03:08:41.221522,0.4435026553160146,43.26370753357318,7.935089210190164,0
2025-11-07 03:08:43.221522,0.3843343139809581,47.21982085283454,7.756722044774892,0
2025-11-07 03:08:45.221522,0.33584315461408404,42.665984196138325,7.914112032029547,0
2025-11-07 03:08:47.221522,0.4095195968668587,46.08793741078189,7.695211734123734,0
2025-11-07 03:08:49.221522,0.3332256868349043,44.34492653928913,7.2216557608480745,0
2025-11-07 03:08:51.221522,0.4035286395633986,44.40931446762699,7.283922557016337,0
2025-11-07 03:08:53.221522,0.4539534632630575,43.965404772234066,8.27575401606248,0
2025-11-07 03:08:55.221522,0.49858403192559253,45.73584386518299,8.174773605136068,0
2025-11-07 03:08:57.221522,0.42681552834011965,46.07634354211798,8.975793392434333,0
2025-11-07 03:08:59.221522,0.36515936256064147,44.89266667786073,8.364909274076643,0
2025-11-07 03:09:01.221522,0.4794265814658997,47.51378907964387,7.897307967206325,0
2025-11-07 03:09:03.221522,0.4741714497359771,47.272864406336865,7.704854523946442,0
2025-11-07 03:09:05.221522,0.3645120876543856,45.567761136792775,7.78851478038461,0
2025-11-07 03:09:07.221522,0.4766710896092785,45.01274030101975,8.288069461369393,0
2025-11-07 03:09:09.221522,0.47903118331900196,46.031084244947216,8.307967704252379,0
2025-11-07 03:09:11.221522,0.4001309505930257,43.922141845133105,7.830833092112973,0
2025-11-07 03:09:13.221522,0.37620844127843367,43.168960944662466,8.160407617418425,0
2025-11-07 03:09:15.221522,0.42719979491694643,44.51005623326875,8.063861166836185,0
2025-11-07 03:09:17.221522,0.4095028643694598,46.093793434564056,8.161647973678328,0
2025-11-07 03:09:19.221522,0.4465967894889673,43.24837142398965,8.178570478581292,0
2025-11-07 03:09:21.221522,0.4211218174637754,46.12257915181846,7.602470875191597,0
2025-11-07 03:09:23.221522,0.44950431922107653,47.07368309001832,8.12818109951715,0
2025-11-07 03:09:25.221522,0.35594356730312465,44.14695414632844,8.268899601349357,0
2025-11-07 03:09:27.221522,0.41304691424647616,45.01908816078723,7.880020245652395,0
2025-11-07 03:09:29.221522,0.4908549133028254,44.23760409093108,8.318849742007327,0
2025-11-07 03:09:31.221522,0.4311279212794394,43.535337110405976,8.084080858960677,0
2025-11-07 03:09:33.221522,0.508995213800464,46.44190755141725,7.839183747321811,0
2025-11-07 03:09:35.221522,0.4126028658492839,46.364641583784056,8.114964106130383,0
2025-11-07 03:09:37.221522,0.3714839411645008,43.07571241950161,8.353227464152269,0
2025-11-07 03:09:39.221522,0.4487901161954812,43.75620810436675,7.693769633599006,0
2025-11-07 03:09:41.221522,0.40925299743163923,44.824481589509176,8.539298476935516,0
2025-11-07 03:09:43.221522,0.4565343013791266,47.268974579780085,8.146293300377412,0
2025-11-07 03:09:45.221522,0.4081595097582484,45.40824611696346,8.650701241818856,0
2025-11-07 03:09:47.221522,0.3704162510302787,43.459631596846634,8.026289487592068,0
2025-11-07 03:09:49.221522,0.3285137919089663,43.687027675665156,8.203479943399921,0
2025-11-07 03:09:51.221522,0.36153279762523627,45.185224219558656,8.705836288896045,0
2025-11-07 03:09:53.221522,0.46115050488292114,45.41191191825654,8.281161377715211,0
2025-11-07 03:09:55.221522,0.4049154583742672,44.73614714396695,8.137988498189175,0
2025-11-07 03:09:57.221522,0.4512255130581869,45.983567624048966,8.02602635845999,0
2025-11-07 03:09:59.221522,0.4404283813602808,48.180823771332804,7.641605969553745,0
2025-11-07 03:10:01.221522,0.4405575529977628,46.109073674088535,7.638015680040885,0
2025-11-07 03:10:03.221522,0.4101639740937007,45.71545300138049,7.8346354713078155,0
2025-11-07 03:10:05.221522,0.35508228041327566,45.23194213495919,8.317088253843595,0
2025-11-07 03:10:07.221522,0.4420704677714526,45.59796302396738,8.04597038565429,0
2025-11-07 03:10:09.221522,0.44397383819131875,44.021228363981564,8.056687100106371,0
2025-11-07 03:10:11.221522,0.340001760719427,47.10519339981645,7.996698899952781,0
2025-11-07 03:10:13.221522,0.46841751985896346,45.58952632365753,7.703967426950224,0
2025-11-07 03:10:15.221522,0.3751728627250188,43.96763923145225,8.42576540714878,0
2025-11-07 03:10:17.221522,0.3244333456666185,44.29483583804457,7.51627098687165,0
2025-11-07 03:10:19.221522,0.3301595495839059,45.979644134931185,7.405099646501997,0
2025-11-07 03:10:21.221522,0.41957396476496434,45.645833899431445,7.571759291890123,0
2025-11-07 03:10:23.221522,0.350610658172897,46.00960868093805,8.296961188900827,0
2025-11-07 03:10:25.221522,0.45288188461634415,45.354134053190165,8.009426426869025,0
2025-11-07 03:10:27.221522,0.439990429925064,43.31715945628854,7.461343916201735,0
2025-11-07 03:10:29.221522,0.3606040758631767,46.360603741579546,7.951571707099833,0
2025-11-07 03:10:31.221522,0.4216466783777077,43.71272090125704,8.489423246890976,0
2025-11-07 03:10:33.221522,0.4427435222625461,47.15501709682847,7.488136908408984,0
2025-11-07 03:10:35.221522,0.35063818050344314,44.07484094137781,7.941453774659867,0
2025-11-07 03:10:37.221522,0.45244062021472936,45.69160525353584,7.99135881132513,0
2025-11-07 03:10:39.221522,0.43197037916304754,46.466095496531054,7.797225159596064,0
2025-11-07 03:10:41.221522,0.3794364140698878,48.00821707115115,8.232057634221274,0
2025-11-07 03:10:43.221522,0.4873786577376069,45.53524117137445,8.142073601233902,0
2025-11-07 03:10:45.221522,0.38800139670240336,41.94490353938383,8.136062401448688,0
2025-11-07 03:10:47.221522,0.3549701606774301,42.88736231977119,7.945415071861253,0
2025-11-07 03:10:49.221522,0.3156675792049724,43.7772757565314,8.001832232272752,0
2025-11-07 03:10:51.221522,0.3046646806052935,41.626869916696606,8.137804651287592,0
2025-11-07 03:10:53.221522,0.37972233047757853,43.07103689623778,7.9974626744668535,0
2025-11-07 03:10:55.221522,0.42246641965631987,45.48008800548065,7.513414753854452,0
2025-11-07 03:10:57.221522,0.3724835944470456,44.94689524007414,8.013300091047967,0
2025-11-07 03:10:59.221522,0.39138242546996843,46.52299419843988,7.630657064600991,0
2025-11-07 03:11:01.221522,0.42807047716949387,45.68832167836087,7.363464102915791,0
2025-11-07 03:11:03.221522,0.3436960016164486,42.774233860965715,8.09491319799335,0
2025-11-07 03:11:05.221522,0.436240446720316,44.95656921311517,7.804213020495975,0
2025-11-07 03:11:07.221522,0.3272786657463921,43.03066400557203,7.772994398560007,0
2025-11-07 03:11:09.221522,0.4089842331636703,46.786610516125734,8.225291261291169,0
2025-11-07 03:11:11.221522,0.39701461479283595,45.6160021450195,8.132773655314564,0
2025-11-07 03:11:13.221522,0.4314197014246856,45.703520529611325,8.174728595248464,0
2025-11-07 03:11:15.221522,0.4373744048833477,48.60245009443795,8.16478134995176,0
2025-11-07 03:11:17.221522,0.4144702898126858,46.5015301596216,7.817118325199605,0
2025-11-07 03:11:19.221522,0.40830412369852304,45.81953116737607,7.788714637509843,0
2025-11-07 03:11:21.221522,0.4680551706605766,44.35500643679668,8.353632449984914,0
2025-11-07 03:11:23.221522,0.36456734158824794,45.84966202858183,7.996163659220615,0
2025-11-07 03:11:25.221522,0.38611057458457054,45.783997451529025,8.349834500065581,0
2025-11-07 03:11:27.221522,0.30271987776872084,46.888195244995025,8.096065844680428,0
2025-11-07 03:11:29.221522,0.29572770779924246,46.14115806740188,7.921359346544776,0
2025-11-07 03:11:31.221522,0.4163500792101855,45.70751518919327,7.875157971021526,0
2025-11-07 03:11:33.221522,0.4099329444231775,42.966306090152685,8.684361130361253,0
2025-11-07 03:11:35.221522,0.3929910186518527,44.09977891065564,7.888501299373831,0
2025-11-07 03:11:37.221522,0.41420342769896845,44.68094890681775,7.3373978040977965,0
2025-11-07 03:11:39.221522,0.4197979765668393,44.74614734849072,7.624919190775742,0
2025-11-07 03:11:41.221522,0.4384525035890082,47.5545247584758,8.293211945673077,0
2025-11-07 03:11:43.221522,0.4067382107525907,45.24945946531758,8.122913268256553,0
2025-11-07 03:11:45.221522,0.3157402970221675,43.46696955197298,8.121046266233904,0
2025-11-07 03:11:47.221522,0.5368751980609457,48.90701930638331,7.930883391276808,0
2025-11-07 03:11:49.221522,0.4301148384651032,44.69915990816456,7.787408691529801,0
2025-11-07 03:11:51.221522,0.5020002832010827,48.38729315429424,7.823099463330252,0
2025-11-07 03:11:53.221522,0.37350686982783793,43.3643966481786,7.981530690656599,0
2025-11-07 03:11:55.221522,0.3832114051973776,42.91104454499058,7.731616643120491,0
2025-11-07 03:11:57.221522,0.4096430580845556,43.1540563277458,7.9594972034724165,0
2025-11-07 03:11:59.221522,0.46320949970816433,44.33283716479109,8.062410839784778,0
2025-11-07 03:12:01.221522,0.41450725007033185,42.41845272428093,8.42371958687035,0
2025-11-07 03:12:03.221522,0.4624138684275054,43.49279373874207,8.137173866289162,0
2025-11-07 03:12:05.221522,0.38831657301783373,45.117052729163824,8.086273810783021,0
2025-11-07 03:12:07.221522,0.4580761483930123,46.94985503446114,8.585489549898405,0
2025-11-07 03:12:09.221522,0.3699243690597948,43.477021286344666,8.114542966059549,0
2025-11-07 03:12:11.221522,0.344120788570459,45.21719436589892,7.986154962753966,0
