timestamp,vibration,temperature,current,fault
2025-11-07 02:32:49.460521,1.062072122406255,65.73903430476021,10.670803647173939,1
2025-11-07 02:32:51.460521,0.8677741546333718,65.89043571094219,11.215928813829938,1
2025-11-07 02:32:53.460521,1.0545841670476184,68.63854429549518,10.885808779205881,1
2025-11-07 02:32:55.460521,0.9302454577826732,65.38071188355691,10.636849831469805,1
2025-11-07 02:32:57.460521,0.8893500963781318,65.60577719234406,10.112863505151127,0
2025-11-07 02:32:59.460521,0.8893835631916008,63.74521889736415,11.535980811770765,0
2025-11-07 02:33:01.460521,0.7217320584031919,65.17392669191071,11.720231932238832,1
2025-11-07 02:33:03.460521,0.9525764090596827,64.47995226780563,12.326579846063224,1
2025-11-07 02:33:05.460521,0.8764573234842337,61.957915082813024,10.555548907838666,1
2025-11-07 02:33:07.460521,0.8554581787616348,65.70991585516556,11.359942290562234,0
2025-11-07 02:33:09.460521,0.7910376509042917,64.96034001000004,11.214282198170906,1
2025-11-07 02:33:11.460521,0.89856644330058,62.48104169287422,11.754549916956377,0
2025-11-07 02:33:13.460521,0.8998601252925104,63.77991005657777,11.807888873457486,0
2025-11-07 02:33:15.460521,0.8125445647810443,66.57527823093083,10.560861987220482,1
2025-11-07 02:33:17.460521,0.9019945079186205,68.22741495260561,11.2465589446493,0
2025-11-07 02:33:19.460521,0.9162930097019373,64.79904244045667,12.073197492475723,0
2025-11-07 02:33:21.460521,0.7443095561539201,63.571276804470514,11.589710418041452,0
2025-11-07 02:33:23.460521,1.0190365511928061,63.043082902083036,12.475820493217471,1
2025-11-07 02:33:25.460521,0.9942142100077402,68.06195029589475,11.814482463334606,0
2025-11-07 02:33:27.460521,0.8303142374998247,64.68782146992358,11.294556140165344,1
2025-11-07 02:33:29.460521,0.7690645874248602,64.24700015262803,11.87348452920527,1
2025-11-07 02:33:31.460521,1.018980561452591,66.96546594982648,10.893812808882453,0
2025-11-07 02:33:33.460521,0.9481744133289788,65.29349916796787,11.81014089306883,1
2025-11-07 02:33:35.460521,1.0138413562468127,68.09776429164842,11.684908111539754,1
2025-11-07 02:33:37.460521,0.9489948493300528,65.9213427404503,10.639366951189421,0
2025-11-07 02:33:39.460521,0.8598846925628536,67.7172136637723,11.362720845186617,0
2025-11-07 02:33:41.460521,0.856636703460679,65.17905117629392,11.192591090145813,1
2025-11-07 02:33:43.460521,0.8879024076539997,68.17818870052884,11.234912895959226,0
2025-11-07 02:33:45.460521,0.7311474550102492,65.28903498685114,11.478815037752286,0
2025-11-07 02:33:47.460521,0.831084127570433,64.30421028984748,11.967907412931178,0
2025-11-07 02:33:49.460521,0.8963905462607726,63.13387620079518,10.730134662523227,1
2025-11-07 02:33:51.460521,0.8706902079358774,64.43882944312594,12.412197105041345,0
2025-11-07 02:33:53.460521,0.8789017197563503,62.90226018415172,11.957310666082382,0
2025-11-07 02:33:55.460521,0.9299087579147663,64.24386101598442,11.299603355175257,0
2025-11-07 02:33:57.460521,0.9203270825387199,67.04681208144086,11.234677555172926,1
2025-11-07 02:33:59.460521,0.8989258085572686,63.73470680228943,11.162715215461047,1
2025-11-07 02:34:01.460521,0.9500847022650583,64.28401800333742,12.172285479568616,0
2025-11-07 02:34:03.460521,0.8615632745370484,65.62347908689262,10.915367510348478,1
2025-11-07 02:34:05.460521,0.8754905367995998,63.962153663068975,10.68288439283045,1
2025-11-07 02:34:07.460521,0.8339032278946545,58.32997610705005,10.945206982439036,1
2025-11-07 02:34:09.460521,0.9060199205098702,66.72199456695219,11.344286926877091,0
2025-11-07 02:34:11.460521,0.8424208595855657,64.1372059663738,11.118268559315803,0
2025-11-07 02:34:13.460521,0.8886063460511977,65.11301549567034,13.015434017867019,1
2025-11-07 02:34:15.460521,0.8848640154846659,65.04155967702916,11.645561890468544,1
2025-11-07 02:34:17.460521,1.0386063258432228,68.60828262768409,10.58525064479619,0
2025-11-07 02:34:19.460521,0.6521784720603345,61.35782833134657,11.898376449579871,0
2025-11-07 02:34:21.460521,0.8152560871621276,62.4006828171798,11.648254378804364,1
2025-11-07 02:34:23.460521,0.8569711044135442,68.208978256497,12.25562243995429,0
2025-11-07 02:34:25.460521,0.7874774999422146,65.63347691984563,10.804865595222706,0
2025-11-07 02:34:27.460521,0.9349835150949808,60.32427534652885,11.95977035920768,0
2025-11-07 02:34:29.460521,0.8604124383713428,68.52258540286321,11.38159463460919,1
2025-11-07 02:34:31.460521,0.9867410550138814,67.2549153790377,11.79146765473644,1
2025-11-07 02:34:33.460521,1.1114586706416973,65.69675904527391,11.531082114416652,1
2025-11-07 02:34:35.460521,0.8524719463148833,63.49359340805652,12.037060562562752,0
2025-11-07 02:34:37.460521,0.7635074215242611,65.33497727227318,12.157503557765295,1
2025-11-07 02:34:39.460521,0.8816552259610928,59.43227632613807,11.608335534100627,0
2025-11-07 02:34:41.460521,0.9690104163527504,64.00976786310835,11.063515066523525,1
2025-11-07 02:34:43.460521,0.9732499026356058,63.68359242965205,11.936492233982918,1
2025-11-07 02:34:45.460521,0.8832305693810272,66.70152262308993,11.411039739653397,0
2025-11-07 02:34:47.460521,0.8292496027950027,62.61432821941199,11.519321439673101,0
2025-11-07 02:34:49.460521,0.7857636361625916,65.65680159235217,11.368728621823024,0
2025-11-07 02:34:51.460521,0.7745640051354689,63.95633449267625,11.760058551726301,1
2025-11-07 02:34:53.460521,0.9235553170861014,65.88636211568421,11.19367150771845,0
2025-11-07 02:34:55.460521,0.7858607555185394,65.80400582405868,11.822947906121469,0
2025-11-07 02:34:57.460521,0.7708702274552713,60.04324626005244,11.667804345349502,1
2025-11-07 02:34:59.460521,0.8352477079446492,65.13355679635174,11.332443604740613,1
2025-11-07 02:35:01.460521,0.9029191023464576,66.91277767051604,11.281725973294389,1
2025-11-07 02:35:03.460521,0.9278326690832489,62.711759003399465,11.480364147720094,0
2025-11-07 02:35:05.460521,0.8836552729671326,66.77644697560338,11.1837582943122,1
2025-11-07 02:35:07.460521,0.7940862137495653,64.12430838133469,12.168578535378519,1
2025-11-07 02:35:09.460521,0.8653157940700373,66.60785099456763,11.261767313409358,0
2025-11-07 02:35:11.460521,0.8886539221054439,62.62615738550032,11.881817436670012,0
2025-11-07 02:35:13.460521,0.9020125458674734,64.72255333000211,12.105323204398442,0
2025-11-07 02:35:15.460521,0.8481301287902615,60.82830094128945,10.994977329842104,1
2025-11-07 02:35:17.460521,0.8961484795947844,67.05569013679492,11.06808656908838,0
2025-11-07 02:35:19.460521,0.7981434565816629,65.60284148744095,11.61553541861827,0
2025-11-07 02:35:21.460521,0.9602312598105021,63.98090713807934,11.898805853596192,1
2025-11-07 02:35:23.460521,1.026764249257774,68.64757938959137,11.562929899203626,0
2025-11-07 02:35:25.460521,0.9148806444687742,69.13696461737977,11.358128490342219,1
2025-11-07 02:35:27.460521,0.9138427915513486,61.6683181196802,11.396574603813843,0
2025-11-07 02:35:29.460521,0.8098942239953979,63.177320428873735,11.422069977498044,0
2025-11-07 02:35:31.460521,0.9881169431317987,65.3163553342348,11.906214247424979,0
2025-11-07 02:35:33.460521,0.9319740631357675,61.5023675787785,12.012496813984251,1
2025-11-07 02:35:35.460521,0.7412965331575688,67.85722085774104,11.667281193639287,1
2025-11-07 02:35:37.460521,0.9121748819554704,65.81680219217354,11.249389035289122,1
2025-11-07 02:35:39.460521,0.7988387139216471,67.9440154433111,11.950530037804407,0
2025-11-07 02:35:41.460521,0.8160739671685316,63.69503516699976,11.703856489003256,1
2025-11-07 02:35:43.460521,0.8912953016331292,67.77754131113471,11.277394760619261,1
2025-11-07 02:35:45.460521,0.9717493160645102,60.983714234240225,11.52762824662341,0
2025-11-07 02:35:47.460521,1.0790578295067887,65.738373780841,11.840488411803081,0
2025-11-07 02:35:49.460521,0.9744046269133435,61.95200736162889,12.298962923086409,1
2025-11-07 02:35:51.460521,0.9948352869298205,62.44103915393528,11.221041315691874,1
2025-11-07 02:35:53.460521,0.8496729522153483,65.99513329013469,11.204417971761483,1
2025-11-07 02:35:55.460521,0.9246965000367326,65.14609255685903,11.250688474580711,0
2025-11-07 02:35:57.460521,0.7824640760354875,67.33775853384694,12.24409034249707,1
2025-11-07 02:35:59.460521,1.0318897686775297,64.20600047866074,11.633995594658748,1
2025-11-07 02:36:01.460521,0.9217605884752778,64.81347070981576,11.634742326279465,1
2025-11-07 02:36:03.460521,0.9151363938116794,68.53071440454264,12.322567150892175,0
2025-11-07 02:36:05.460521,0.9707057538150982,67.68705524788572,12.735976445428712,0
2025-11-07 02:36:07.460521,0.8207010181245508,65.10881721719622,11.763983441862003,1
2025-11-07 02:36:09.460521,0.8898427256466371,66.04539501739269,11.626863176356538,0
2025-11-07 02:36:11.460521,0.7697705028252081,68.98692057145354,11.89696633732478,1
2025-11-07 02:36:13.460521,0.8919016541602706,69.80524303495278,11.219265447089157,0
2025-11-07 02:36:15.460521,0.8282752501243381,61.842982851038755,10.941292142046867,1
2025-11-07 02:36:17.460521,0.8336104787317363,66.80099608076578,11.55620309088024,0
2025-11-07 02:36:19.460521,0.9021730588849491,65.4132501245132,11.450056145568746,0
2025-11-07 02:36:21.460521,1.067633268889975,63.3036650007551,11.651234769473769,0
2025-11-07 02:36:23.460521,0.8650213076050912,66.90285788604984,12.144942276530001,0
2025-11-07 02:36:25.460521,0.7645246889461204,68.2879884647678,11.330152144321659,0
2025-11-07 02:36:27.460521,0.7686943481551114,64.44436577382612,11.337618791722681,0
2025-11-07 02:36:29.460521,1.0217163056206124,63.901639369483334,11.006577240140373,0
2025-11-07 02:36:31.460521,0.909171086464208,63.1967058980318,11.050140669134436,0
2025-11-07 02:36:33.460521,0.6684332375690761,64.80122340880673,12.530798223088496,0
2025-11-07 02:36:35.460521,0.7650032308032941,65.28945579710258,10.824489198010085,0
2025-11-07 02:36:37.460521,0.7848909205354772,65.37382874043561,11.99315436291025,1
2025-11-07 02:36:39.460521,0.8769917394296028,67.36092350722035,10.591687113826877,0
2025-11-07 02:36:41.460521,0.8466686253194684,64.9103318810591,11.996679023489957,1
2025-11-07 02:36:43.460521,0.9687609552990198,69.37618975080106,11.807198001886784,1
2025-11-07 02:36:45.460521,0.9372690718522385,66.50094265325195,11.478602563289478,1
2025-11-07 02:36:47.460521,0.7861857639943381,66.79824794320898,11.073619696879186,1
2025-11-07 02:36:49.460521,0.8788222321878374,63.2113724235102,11.068715122632424,0
2025-11-07 02:36:51.460521,0.7650289014791388,67.46124497105934,10.72628847015112,0
2025-11-07 02:36:53.460521,1.0646689559018776,66.9885975623205,11.032694222214102,1
2025-11-07 02:36:55.460521,0.7459209639391796,64.06646098443903,11.609077145688273,0
2025-11-07 02:36:57.460521,0.960104224678364,66.28178602103944,11.160977470438842,0
2025-11-07 02:36:59.460521,0.9261418170021167,64.43868937211832,12.14160097314964,0
2025-11-07 02:37:01.460521,0.9534213730888559,63.32199147101286,11.220918273828975,1
2025-11-07 02:37:03.460521,0.9400249516499964,65.57382793972691,10.822748208665255,1
2025-11-07 02:37:05.460521,0.8932346996038043,67.25616925093043,12.086059242784128,0
2025-11-07 02:37:07.460521,0.9852631869610274,65.6653532793669,11.762624395092754,0
2025-11-07 02:37:09.460521,0.9447879662549543,64.44482020304346,11.54692103209078,1
2025-11-07 02:37:11.460521,1.1073371057141026,63.92818551146332,11.660570051579661,0
2025-11-07 02:37:13.460521,0.9107304084518549,62.32984906934067,10.614362339947428,0
2025-11-07 02:37:15.460521,0.899009229126249,63.84880813860303,11.126752465495692,1
2025-11-07 02:37:17.460521,0.7949040866846147,63.24370586045953,11.060185452030064,0
2025-11-07 02:37:19.460521,0.9251663152685369,63.46121420797966,11.70421855570534,1
2025-11-07 02:37:21.460521,0.9476676688098892,61.04681109310051,11.494439504816134,0
2025-11-07 02:37:23.460521,0.8889701088078605,61.50328914976174,10.916757900689115,1
2025-11-07 02:37:25.460521,0.7803920563893818,63.08227998034789,11.726786767870532,0
2025-11-07 02:37:27.460521,0.9329569158079833,66.3087854719329,11.738435711479896,1
2025-11-07 02:37:29.460521,0.8898201245683823,65.22081427289929,11.639241267053587,0
2025-11-07 02:37:31.460521,0.9681670010628177,61.408341262213845,11.67480842304838,1
2025-11-07 02:37:33.460521,0.9761716885013567,65.4902966930293,11.645350012260321,0
2025-11-07 02:37:35.460521,0.8608191148751193,64.24181129299242,12.156344649688837,0
2025-11-07 02:37:37.460521,0.7329286018691555,66.73975887705353,11.295140692921512,0
2025-11-07 02:37:39.460521,0.9337631506516155,67.87968896996858,11.438904367513805,0
2025-11-07 02:37:41.460521,0.7706976910010912,66.95718992343573,12.498943221207702,0
2025-11-07 02:37:43.460521,0.845885507351146,62.674457499295265,11.376555581652287,0
2025-11-07 02:37:45.460521,0.994118702471898,68.7835770445857,11.411000822589521,0
2025-11-07 02:37:47.460521,0.9755869360756225,64.12924944806073,11.538570072922933,0
2025-11-07 02:37:49.460521,0.812328107093143,63.3273753247505,11.408468280977369,1
2025-11-07 02:37:51.460521,0.8767142172519468,64.79481097562291,11.254024091516328,1
2025-11-07 02:37:53.460521,0.9196510836723284,65.33915620912454,11.757558159905601,0
2025-11-07 02:37:55.460521,0.9790149421696449,59.09955864146197,11.723427598549678,1
2025-11-07 02:37:57.460521,0.9427480487828326,66.90241574730338,11.663247113906541,0
2025-11-07 02:37:59.460521,0.873196568533533,64.2711881436018,12.522281860722673,0
2025-11-07 02:38:01.460521,0.7368863807968004,65.35664017644436,11.16394300400058,1
2025-11-07 02:38:03.460521,0.9619131326117234,62.172433037469006,12.110195115865961,1
2025-11-07 02:38:05.460521,0.8933504883441516,70.03176695311521,11.381262420631883,1
2025-11-07 02:38:07.460521,1.0584687893452445,66.87660687677939,11.397875935056925,0
2025-11-07 02:38:09.460521,0.9599374526643218,67.42688237821572,10.939475026348415,1
2025-11-07 02:38:11.460521,0.9642589675451915,60.70981744963525,11.453056863727127,0
2025-11-07 02:38:13.460521,0.9248644645727676,57.61791099834285,10.955449104357111,1
2025-11-07 02:38:15.460521,0.8038768912267933,68.41599644092231,11.487184906546483,0
2025-11-07 02:38:17.460521,0.9001972906770421,60.216498771627826,11.521572619595252,1
2025-11-07 02:38:19.460521,0.8926467349679457,63.850118920355186,11.442703147951894,1
2025-11-07 02:38:21.460521,0.9496365186025776,62.54891287714827,11.262108898303266,0
2025-11-07 02:38:23.460521,0.8148386929929177,64.30318654091357,11.022348081677848,1
2025-11-07 02:38:25.460521,0.8035171845114346,65.21437790629547,11.846947804148463,0
2025-11-07 02:38:27.460521,0.90866795977307,65.26704651643668,10.82898686463538,0
2025-11-07 02:38:29.460521,0.955182039902037,64.16109129471857,11.764452807598834,0
2025-11-07 02:38:31.460521,0.8416903316635017,59.695243675898475,10.719218779144102,1
2025-11-07 02:38:33.460521,0.8036924047933349,66.12199775963808,12.377589095660031,1
2025-11-07 02:38:35.460521,0.904872198583585,66.03269248778516,11.33223480647995,0
2025-11-07 02:38:37.460521,0.9552626855359763,62.69733313908846,11.742790975281256,0
2025-11-07 02:38:39.460521,0.8292629808582732,65.38269571431857,11.103670333861526,0
2025-11-07 02:38:41.460521,0.962411606481623,63.690401281529695,11.446183928853666,1
2025-11-07 02:38:43.460521,1.0348887766614474,64.55136113229747,12.104525819675562,0
2025-11-07 02:38:45.460521,1.0395834305249216,63.10584302595424,11.594037748817227,0
2025-11-07 02:38:47.460521,0.8029183604777291,69.981021407195,10.70058630918561,0
2025-11-07 02:38:49.460521,0.7699353935320796,65.09259533735103,12.545796533134865,0
2025-11-07 02:38:51.460521,0.9986708201277473,63.86819793253539,12.819786208378558,1
2025-11-07 02:38:53.460521,0.6621007453087516,67.1361555117981,12.262188298986667,0
2025-11-07 02:38:55.460521,0.9061338349653938,67.09392399768474,11.91379519416348,1
2025-11-07 02:38:57.460521,0.950901085080734,66.3238116777484,11.207289941990997,1
2025-11-07 02:38:59.460521,0.7579703923870793,66.12845039119657,10.636253898769146,1
2025-11-07 02:39:01.460521,0.8869001257571562,67.03835773629702,11.744356767317134,0
2025-11-07 02:39:03.460521,0.9999356697116372,62.54424253998878,12.039666802602104,0
2025-11-07 02:39:05.460521,0.8020818276609771,65.84791405527278,10.616639797609658,0
2025-11-07 02:39:07.460521,0.920232138918321,67.50566422874009,11.251168265301674,1
2025-11-07 02:39:09.460521,0.9052867387753133,63.97254275260396,11.75533044272517,1
2025-11-07 02:39:11.460521,0.7307732116541207,66.99627406266212,11.081065151466573,0
2025-11-07 02:39:13.460521,0.8466124962657264,65.6394670220984,11.174859065808997,0
2025-11-07 02:39:15.460521,0.8303278128975121,63.63076857158585,11.761757409552155,0
2025-11-07 02:39:17.460521,0.927772050860621,61.16396717627287,11.665256771888842,1
2025-11-07 02:39:19.460521,0.9866147818735815,65.26812288675139,11.481939720401677,0
2025-11-07 02:39:21.460521,0.9358180672009629,65.96815976417224,12.113384389983393,1
2025-11-07 02:39:23.460521,0.833441376974112,68.36049692239058,11.612817794204993,0
2025-11-07 02:39:25.460521,0.8261738938911893,65.16328735024098,11.581372422549121,0
2025-11-07 02:39:27.460521,1.0238420902881518,64.9091705430502,11.732474899373885,0
2025-11-07 02:39:29.460521,1.0471961383813557,68.56663832373368,11.680378164475114,1
2025-11-07 02:39:31.460521,0.8535755327910637,63.04728986916586,11.516736282920675,0
2025-11-07 02:39:33.460521,0.9896937488467088,68.41405891908096,10.800271560852481,0
2025-11-07 02:39:35.460521,0.8679097267074676,67.43937198843514,12.423792744218378,1
2025-11-07 02:39:37.460521,0.8664979594407284,68.08031878899335,11.434191074915116,1
2025-11-07 02:39:39.460521,0.9107582481679828,64.22209383025793,11.41553323287494,0
2025-11-07 02:39:41.460521,0.7576917287099283,68.31912265299047,11.625442319097937,0
2025-11-07 02:39:43.460521,0.9183291655853422,64.34960350519945,11.820492150683203,1
2025-11-07 02:39:45.460521,0.9244449188817867,58.997688369635355,12.039494889050776,1
2025-11-07 02:39:47.460521,0.8886089157124081,59.69654884514048,11.379916373786616,1
2025-11-07 02:39:49.460521,1.0493092608660528,67.83918114650635,11.225291591596118,1
2025-11-07 02:39:51.460521,0.891876032227702,66.24257192546281,11.233160184263136,1
2025-11-07 02:39:53.460521,0.8129213793885237,62.12356031890305,11.633416872511136,0
2025-11-07 02:39:55.460521,0.8037877528472812,63.05803280872956,11.337562751546535,1
2025-11-07 02:39:57.460521,0.9418828393872035,66.13686364912091,11.369274211231819,1
2025-11-07 02:39:59.460521,0.8236648433086782,66.9244683953524,9.643629340369971,0
2025-11-07 02:40:01.460521,0.8321315328481774,68.01640247056413,11.416246824414877,1
2025-11-07 02:40:03.460521,1.0821691674819642,66.07230588621306,11.019748806173975,1
2025-11-07 02:40:05.460521,0.9826674197411358,66.16040823335646,10.950804639411448,1
2025-11-07 02:40:07.460521,0.8913413139922786,65.99872129500623,10.678766401949687,1
2025-11-07 02:40:09.460521,0.8879312358614906,65.10551019008288,11.501749649556164,1
2025-11-07 02:40:11.460521,1.0759796134162944,65.16683648185085,11.897495537658196,1
2025-11-07 02:40:13.460521,0.6517231435426912,68.68034967097907,10.660059628996992,0
2025-11-07 02:40:15.460521,0.84107682108981,61.58848812756676,11.806062744361794,0
2025-11-07 02:40:17.460521,0.8875672524297202,66.86833175648542,12.206272734506197,0
2025-11-07 02:40:19.460521,1.0568803977159165,62.82822937527999,11.522766100152674,1
2025-11-07 02:40:21.460521,0.9382449696793682,68.1958294158119,11.729206996179103,0
2025-11-07 02:40:23.460521,0.9035808765488449,63.541551881168445,11.317977751180074,0
2025-11-07 02:40:25.460521,0.8293262761211982,66.51504862456926,11.700053931663053,1
2025-11-07 02:40:27.460521,0.8220227312649858,65.28239529754433,11.030506272966575,1
2025-11-07 02:40:29.460521,1.0510324340957602,64.03260610385392,11.53392025988705,1
2025-11-07 02:40:31.460521,0.8126370507608279,64.8932558302983,10.834752526625492,0
2025-11-07 02:40:33.460521,0.9971141310312328,66.58196460142142,11.67297888705994,0
2025-11-07 02:40:35.460521,0.998640514759071,65.68627404521527,11.709852039923202,1
2025-11-07 02:40:37.460521,0.7947788772560186,64.55317925020402,11.829261741152335,1
2025-11-07 02:40:39.460521,0.8205393888710641,66.10286813439869,11.498582108613206,1
2025-11-07 02:40:41.460521,0.983713181653028,63.33110587434337,11.705306511482597,0
2025-11-07 02:40:43.460521,0.8704770182573355,63.275470251372376,12.583462224210253,0
2025-11-07 02:40:45.460521,0.7683955571695781,64.07933662091692,11.372362827500977,1
2025-11-07 02:40:47.460521,0.7522382585383949,61.00186677178769,11.87487294154032,0
2025-11-07 02:40:49.460521,0.934395218089192,64.1895809664715,11.15329113247506,0
2025-11-07 02:40:51.460521,0.8785442310819384,65.4487457534364,11.29406853039187,0
2025-11-07 02:40:53.460521,0.8144562937062488,66.35937447303722,11.46268529141511,1
2025-11-07 02:40:55.460521,0.7581055475978891,68.02478718124704,10.951556957004208,1
2025-11-07 02:40:57.460521,0.8334828558890824,63.392216664789146,11.034652163012447,1
2025-11-07 02:40:59.460521,0.9363495536252825,67.40521826816563,11.124093090735862,0
2025-11-07 02:41:01.460521,1.007332715696072,66.60537150940117,10.192860564068514,0
2025-11-07 02:41:03.460521,0.9354360641350413,65.24622673065907,11.968414982701411,1
2025-11-07 02:41:05.460521,0.8452674366823608,65.026443051923,11.800168204741079,0
2025-11-07 02:41:07.460521,0.8643383076627738,67.18967542599242,11.24651468508766,0
2025-11-07 02:41:09.460521,0.8084772977832488,65.26567095993082,11.295849660631047,0
2025-11-07 02:41:11.460521,0.6917029208385278,65.56258931929383,11.640181672988971,0
2025-11-07 02:41:13.460521,0.8262970453015782,63.43831266119285,11.543056121817708,0
2025-11-07 02:41:15.460521,0.8695704283782516,65.28092031469488,11.965217382416045,1
2025-11-07 02:41:17.460521,0.8604373692065096,64.21116219606857,11.048328401404842,0
2025-11-07 02:41:19.460521,0.913850793858965,65.192938572084,10.539602796921834,1
2025-11-07 02:41:21.460521,0.8989573056435146,59.180850971578195,11.537627180734324,1
2025-11-07 02:41:23.460521,0.8751080052144038,66.43115944816539,11.177373085877125,0
2025-11-07 02:41:25.460521,1.0657612311964064,58.477684766904495,11.082700626239378,0
2025-11-07 02:41:27.460521,0.797662736014135,63.57343749375375,11.547589741334523,0
2025-11-07 02:41:29.460521,0.8704586139301482,66.61839520549141,11.560084491615466,0
2025-11-07 02:41:31.460521,0.8081717655306004,66.72166770113489,10.603102397759699,0
2025-11-07 02:41:33.460521,0.8197935397766052,70.23755540130209,11.235085644488114,0
2025-11-07 02:41:35.460521,0.9157248935509855,67.26822571809359,11.114299951234548,0
2025-11-07 02:41:37.460521,0.8770203926965223,67.21817111495663,10.898199974221189,0
2025-11-07 02:41:39.460521,0.7252462185080704,62.63976850556346,12.198959660935323,0
2025-11-07 02:41:41.460521,0.7835821818628173,71.52877314196672,12.363080363383471,0
2025-11-07 02:41:43.460521,0.8551616238001011,64.63383041136385,10.532013482140206,0
2025-11-07 02:41:45.460521,0.8218189858852202,64.09920691807525,11.452653255985181,1
2025-11-07 02:41:47.460521,0.6928797722357658,64.51853453361694,12.430625395779037,1
2025-11-07 02:41:49.460521,0.982269977551159,64.87809273871657,11.853606836738278,0
2025-11-07 02:41:51.460521,0.9052507341134527,65.06758605857216,12.093337944490344,1
2025-11-07 02:41:53.460521,0.8995035012387177,61.50445906392434,11.021267289622294,0
2025-11-07 02:41:55.460521,0.9494097913863659,63.319600901405316,11.864053062340316,0
2025-11-07 02:41:57.460521,0.8345663496407317,59.281553697924295,9.855418463357434,1
2025-11-07 02:41:59.460521,1.2052450964085104,62.988139648396,11.74257555635246,1
2025-11-07 02:42:01.460521,1.0203823842337727,66.33633454827662,10.77128614191982,0
2025-11-07 02:42:03.460521,0.9212841586950798,63.06310941028235,11.007959816881044,1
2025-11-07 02:42:05.460521,1.0505081206133773,63.59246269825536,11.266532471494994,0
2025-11-07 02:42:07.460521,0.9330631099949704,60.0037267176232,10.717344625369574,1
2025-11-07 02:42:09.460521,0.9718435314755008,65.26971105723935,11.483178247261366,1
2025-11-07 02:42:11.460521,0.8908398145967622,64.94991469940287,11.61812228459942,0
2025-11-07 02:42:13.460521,0.8961765863370957,63.3374139063929,11.577987392695483,1
2025-11-07 02:42:15.460521,0.915381306122293,65.33711163301071,11.967130328776323,1
2025-11-07 02:42:17.460521,0.9102382143884176,64.0757223715987,11.482969373140643,1
2025-11-07 02:42:19.460521,0.7955202998822184,62.74770466309405,11.457260019226956,0
2025-11-07 02:42:21.460521,1.0167941229615653,59.83364245559391,11.488574320692166,0
2025-11-07 02:42:23.460521,0.7841037078785291,68.19382897796338,11.898196976534845,1
2025-11-07 02:42:25.460521,0.9813395981172961,69.02174041654987,11.900748803771581,0
2025-11-07 02:42:27.460521,0.9142290032836683,64.7380276255958,11.010188515411869,0
2025-11-07 02:42:29.460521,0.8758730580042219,62.33031229059379,11.809647174698302,1
2025-11-07 02:42:31.460521,1.1827040365920602,64.79041747610405,11.816443575591265,0
2025-11-07 02:42:33.460521,1.0216135901945191,65.67755469418022,12.00060260897883,0
2025-11-07 02:42:35.460521,0.8331140176824394,68.53835377450662,11.05309941693722,0
2025-11-07 02:42:37.460521,0.8487945124380963,65.5125876322366,10.732700959994386,0
2025-11-07 02:42:39.460521,1.0105517224521412,59.657641994941955,11.389398479029257,1
2025-11-07 02:42:41.460521,0.8922655212242984,68.77246719954131,11.199926084633592,1
2025-11-07 02:42:43.460521,0.7728246993452168,59.54077993829861,11.336618437144592,1
2025-11-07 02:42:45.460521,0.7871830135510794,65.15047549324281,11.52679058287855,0
2025-11-07 02:42:47.460521,0.8663382820405999,65.4766754836567,12.342775080976473,1
2025-11-07 02:42:49.460521,0.9848050163662528,63.125031196137336,11.895729939169748,0
2025-11-07 02:42:51.460521,0.9858743144577304,68.41236976053712,11.713821471232414,1
2025-11-07 02:42:53.460521,1.0695121885580192,64.2500935430415,10.794119597385668,0
2025-11-07 02:42:55.460521,0.9160087395660845,65.77206168023662,12.102614135679977,0
2025-11-07 02:42:57.460521,0.9716633525539521,65.21801887118622,10.950425162230783,0
2025-11-07 02:42:59.460521,0.9216506995202484,67.56891564535373,12.103756154331489,0
2025-11-07 02:43:01.460521,0.8084347354665424,62.665973947343105,10.411524314835706,1
2025-11-07 02:43:03.460521,0.8953301263972215,62.13264544225749,11.619745979961106,1
2025-11-07 02:43:05.460521,0.9913634764225574,64.88678575644198,11.44473509810066,0
2025-11-07 02:43:07.460521,0.8242047767860388,67.49008760373638,11.094198544304014,0
2025-11-07 02:43:09.460521,0.9399415236485892,65.01388182084025,10.18708637489385,1
2025-11-07 02:43:11.460521,0.9160907702469046,64.74172767133166,10.952686400968666,1
2025-11-07 02:43:13.460521,0.7872888344122431,65.86212697440999,11.178991507021793,0
2025-11-07 02:43:15.460521,0.9642527583502938,65.71484459537722,11.873684100589493,1
2025-11-07 02:43:17.460521,0.8394378127691289,66.78412406606343,11.023727387656422,0
2025-11-07 02:43:19.460521,0.9814467064756804,67.81097275657922,10.899774678161343,0
2025-11-07 02:43:21.460521,1.0352316956307217,63.021218160132946,10.65832283833604,0
2025-11-07 02:43:23.460521,0.72323809809923,65.609744573832,11.694589916250358,1
2025-11-07 02:43:25.460521,0.779922139534474,61.06385510847237,11.49806060354227,0
2025-11-07 02:43:27.460521,0.7580765710181375,65.48842663429475,11.891922462748836,0
2025-11-07 02:43:29.460521,0.7767535712575172,64.32467755358869,11.826625508387606,1
2025-11-07 02:43:31.460521,1.072802508841509,68.06520449412477,11.955354462915999,0
2025-11-07 02:43:33.460521,0.9957285755411086,63.248523343989966,11.434318825042231,1
2025-11-07 02:43:35.460521,0.9028782460859586,66.60812143086493,10.71776097066767,0
2025-11-07 02:43:37.460521,0.9604095247985048,64.99867211776024,11.544046242516387,0
2025-11-07 02:43:39.460521,1.0555548190128583,64.66997894966588,12.449570511023126,0
2025-11-07 02:43:41.460521,0.895607048869048,70.91793265637965,11.247463130178385,1
2025-11-07 02:43:43.460521,0.8849736013260212,67.41058691844016,11.590078678423728,1
2025-11-07 02:43:45.460521,0.7871936630643152,66.64520916803896,12.134236164241015,0
2025-11-07 02:43:47.460521,0.8967034628934327,69.13941939468606,11.30770919593391,0
2025-11-07 02:43:49.460521,1.0484071281052059,65.63082164464463,11.160464398687333,1
2025-11-07 02:43:51.460521,0.7047114567533201,64.93702409929688,10.907101587957508,1
2025-11-07 02:43:53.460521,0.9652316712180821,67.78792509578435,11.394373779604656,0
2025-11-07 02:43:55.460521,0.8730640070223747,64.96837893317561,11.436785051014665,1
2025-11-07 02:43:57.460521,0.8590466249476796,67.1778550640001,10.895006190280908,1
2025-11-07 02:43:59.460521,0.937392452253677,66.05274860365851,10.860504631552093,0
2025-11-07 02:44:01.460521,0.8974361626382785,68.78180287342065,11.810956338435496,0
2025-11-07 02:44:03.460521,0.9403220033081661,67.53156224716616,12.380352523155171,0
2025-11-07 02:44:05.460521,0.8881826986736757,62.841292501440364,11.69460807588123,1
2025-11-07 02:44:07.460521,0.8335131689990627,62.07484695529173,11.920639906645691,0
2025-11-07 02:44:09.460521,0.922011568203522,68.8259576917167,10.986984147764087,1
2025-11-07 02:44:11.460521,0.9401012161620991,58.26886792613136,11.410838185734228,0
2025-11-07 02:44:13.460521,0.7408830183387162,67.6019052666597,12.836879586940793,0
2025-11-07 02:44:15.460521,0.8909743338022468,60.99638366900415,10.698186348311971,0
2025-11-07 02:44:17.460521,0.9233687132323666,64.96533379033417,11.398384286491863,0
2025-11-07 02:44:19.460521,0.8188398701058044,64.70034405277889,10.080276089064116,0
2025-11-07 02:44:21.460521,0.9336381780661074,62.0930183004182,11.546861156294254,1
2025-11-07 02:44:23.460521,0.8734096331595345,66.56955828156964,11.619671685672765,0
2025-11-07 02:44:25.460521,1.0907207884304144,63.381085859618835,11.619076153339257,0
2025-11-07 02:44:27.460521,0.7736656435339285,58.84947003039753,10.463658821744819,1
2025-11-07 02:44:29.460521,0.7385815287098049,64.73999979780264,11.576290979417223,0
2025-11-07 02:44:31.460521,1.0360146695754116,64.00476339792885,11.309749554331786,0
2025-11-07 02:44:33.460521,0.998792518230883,68.26097922876541,10.985076597108776,1
2025-11-07 02:44:35.460521,1.0023068546428562,60.85669316565391,10.733056210013721,0
2025-11-07 02:44:37.460521,0.9990912218663115,67.34983694416402,11.345325923514299,1
2025-11-07 02:44:39.460521,1.0434699425278935,67.11721857316316,12.386723343370782,1
2025-11-07 02:44:41.460521,0.8511364503293505,61.2173252998712,11.739756816440057,0
2025-11-07 02:44:43.460521,1.0783268463570665,63.31150954467889,11.782238117321194,1
2025-11-07 02:44:45.460521,0.9104033810159367,69.43576920932897,12.03179620957025,0
2025-11-07 02:44:47.460521,0.944095357720101,66.69321980177101,12.364776065108217,0
2025-11-07 02:44:49.460521,0.9142086977340182,64.44911689129968,11.036850764417636,0
2025-11-07 02:44:51.460521,0.8814762261724112,65.87544998697919,10.773771009267518,0
2025-11-07 02:44:53.460521,1.0222283205724132,66.63862857559096,11.720968819969372,0
2025-11-07 02:44:55.460521,0.9375682056861512,65.57781789335277,11.782161526297445,0
2025-11-07 02:44:57.460521,0.9806782389702084,65.08075477747121,11.512167235697383,0
2025-11-07 02:44:59.460521,0.9328392433241735,66.9280513701124,11.502667677281295,1
2025-11-07 02:45:01.460521,0.9878109473841081,63.37397354224969,11.292542877862804,0
2025-11-07 02:45:03.460521,0.9098069842236783,65.01870726041939,10.959287874998935,1
2025-11-07 02:45:05.460521,0.8125067792454671,60.386257312907084,12.22551031367584,1
2025-11-07 02:45:07.460521,0.9364286612633779,60.68538543958791,11.294140809882856,0
2025-11-07 02:45:09.460521,0.876617733008822,66.22704598068665,11.68584610674217,1
2025-11-07 02:45:11.460521,0.8692146751785778,59.76463967555886,10.97684352236867,0
2025-11-07 02:45:13.460521,0.9375109480151673,63.48765601994428,11.34270887286511,0
2025-11-07 02:45:15.460521,0.6996935019392209,62.90631766207994,11.414526832698828,0
2025-11-07 02:45:17.460521,0.8690129576356176,64.23941017443126,11.681258348138481,0
2025-11-07 02:45:19.460521,0.9995472602376376,65.82047230206523,10.873450850320598,0
2025-11-07 02:45:21.460521,1.1261738069494296,63.253329735665915,11.695465572192278,1
2025-11-07 02:45:23.460521,0.9846223757077229,65.74862454594667,11.172472805636108,0
2025-11-07 02:45:25.460521,1.0504912057903326,58.644124494813376,11.508578430177097,1
2025-11-07 02:45:27.460521,0.9570461160593849,64.86130673492234,10.764812308912973,1
2025-11-07 02:45:29.460521,0.7276423224948323,63.604038483711655,11.786762396530913,0
2025-11-07 02:45:31.460521,0.9814098907448995,65.47832053748307,11.114911966150235,0
2025-11-07 02:45:33.460521,0.9480534724524106,67.22321962420158,10.770716965711058,1
2025-11-07 02:45:35.460521,0.9175295108649513,67.11465060323971,11.132036303475834,0
2025-11-07 02:45:37.460521,0.8763994893093925,65.70078086737651,10.247137036441664,0
2025-11-07 02:45:39.460521,0.9712191447715204,60.97948002872488,11.67770007037673,0
2025-11-07 02:45:41.460521,0.8855122415349663,64.29600059221205,10.874880050197639,0
2025-11-07 02:45:43.460521,1.0568019004523712,59.691758523632224,12.189063622729616,0
2025-11-07 02:45:45.460521,0.9806030917199948,62.33996771018921,11.527623987663262,1
2025-11-07 02:45:47.460521,0.8256408322675087,63.96416315558999,12.106768672698724,1
2025-11-07 02:45:49.460521,1.02627091633514,64.9662996754827,11.365243246482553,0
2025-11-07 02:45:51.460521,0.8013687138423337,60.39004904633,11.112494570423523,1
2025-11-07 02:45:53.460521,0.8297039771202052,68.15242002273446,11.765992269157827,0
2025-11-07 02:45:55.460521,1.0375423869385134,66.73299214963974,12.31815273431,0
2025-11-07 02:45:57.460521,0.9030956349681438,71.98846232562077,10.78202769675977,0
2025-11-07 02:45:59.460521,0.8541569598529439,69.72336213820357,10.744525231236388,0
2025-11-07 02:46:01.460521,0.996711574913466,72.49068630048392,12.344415397339612,0
2025-11-07 02:46:03.460521,0.8591970429202188,64.72595157134917,12.010016902757405,1
2025-11-07 02:46:05.460521,0.7938711982507712,66.8599439552078,11.839508215756355,0
2025-11-07 02:46:07.460521,0.8707169865117215,67.89302227338057,11.984847065984551,1
2025-11-07 02:46:09.460521,1.0485096497069035,62.29901705211075,10.909456476431679,0
2025-11-07 02:46:11.460521,1.067374881770776,60.19080911754067,11.433669879441936,1
2025-11-07 02:46:13.460521,0.871173542729803,61.452095334756606,10.514510810211577,1
2025-11-07 02:46:15.460521,0.9774139409193487,65.0475134019749,11.454746026545923,1
2025-11-07 02:46:17.460521,0.9900156999527356,63.85653891460111,11.257038595436606,0
2025-11-07 02:46:19.460521,1.0009922036283323,71.8873691397003,11.095795441847278,0
2025-11-07 02:46:21.460521,1.0072343318305381,65.56000094416683,11.376772969308908,1
2025-11-07 02:46:23.460521,0.8666300613621388,66.87322063994421,11.373416921417945,0
2025-11-07 02:46:25.460521,0.9844408887192385,64.76906634426007,11.84113080411709,1
2025-11-07 02:46:27.460521,0.8367882933061501,64.82122381138035,11.911654021974249,0
2025-11-07 02:46:29.460521,1.085063989994721,65.60824269093108,11.408301975460684,1
2025-11-07 02:46:31.460521,0.8172220523181054,64.9433913305943,11.40539772048789,1
2025-11-07 02:46:33.460521,0.905696906902172,63.84548230743598,11.629706297781688,0
2025-11-07 02:46:35.460521,1.103912096002965,64.27238921934556,11.200795097441018,0
2025-11-07 02:46:37.460521,0.880330518180923,63.40627566850066,12.654078322300737,0
2025-11-07 02:46:39.460521,0.7421118817742396,63.95455146676224,11.7604851380998,1
2025-11-07 02:46:41.460521,0.998586046626515,64.17452869495253,11.732589699880705,0
2025-11-07 02:46:43.460521,0.8237114497189658,63.09759464807607,11.129017005339206,0
2025-11-07 02:46:45.460521,1.0168804214230351,68.90494076898158,12.285596945677533,1
2025-11-07 02:46:47.460521,1.0967578684270864,68.58880433776412,11.583108704370831,0
2025-11-07 02:46:49.460521,0.9583906027050498,66.98532460370708,11.34498771620786,0
2025-11-07 02:46:51.460521,0.9696409844223702,69.79558847703511,11.591975573123799,0
2025-11-07 02:46:53.460521,0.9059635967691525,57.91159760447965,12.226249146847445,1
2025-11-07 02:46:55.460521,0.8325096054236679,68.33764449301049,11.75945442457655,0
2025-11-07 02:46:57.460521,0.821641485069317,62.83836625418086,11.84128128972755,0
2025-11-07 02:46:59.460521,0.8784855131563182,65.42650650545065,11.105884464296922,0
2025-11-07 02:47:01.460521,1.009657619581269,64.92643172728057,10.534711689218051,1
2025-11-07 02:47:03.460521,0.8623808874220188,72.11890857127716,10.784793478648192,1
2025-11-07 02:47:05.460521,0.9493942118740246,63.14302890073692,10.678016947222325,1
2025-11-07 02:47:07.460521,0.7916907039706635,68.00006471774918,11.76789669201673,0
2025-11-07 02:47:09.460521,0.8376681541075347,62.49857693814038,11.92372485465458,1
2025-11-07 02:47:11.460521,0.7697041150252016,63.93024214041781,12.115547765323043,0
2025-11-07 02:47:13.460521,0.8765658868472804,64.84463925862693,12.00981287734808,0
2025-11-07 02:47:15.460521,1.0895965843201083,65.17928351696932,11.974867106814614,0
2025-11-07 02:47:17.460521,0.8350161158960383,65.18357316567644,11.119586505139825,0
2025-11-07 02:47:19.460521,0.9802359880341585,68.84258566091718,12.371509766824932,1
2025-11-07 02:47:21.460521,0.9159458032013413,60.96674054795809,11.617218251492066,1
2025-11-07 02:47:23.460521,0.7750983683353391,65.16124243085909,10.695257846832343,0
2025-11-07 02:47:25.460521,1.0785804601042601,66.55987085499207,11.658824656569552,0
2025-11-07 02:47:27.460521,1.044273003755568,65.39111879366973,11.566172527201667,1
2025-11-07 02:47:29.460521,0.8580140815560814,61.196984399853676,11.237678554016616,0
2025-11-07 02:47:31.460521,0.9404035057583551,65.19712575524947,11.05770898165795,0
2025-11-07 02:47:33.460521,1.0237194886727197,68.7546210716121,10.98160498612623,0
2025-11-07 02:47:35.460521,0.7913465860910485,62.62524865329111,11.304684114384429,0
2025-11-07 02:47:37.460521,0.887388520183074,66.57466086969873,11.782465992585305,1
2025-11-07 02:47:39.460521,0.9148035743470311,62.575606150564674,11.007492463404763,0
2025-11-07 02:47:41.460521,0.7656982599000552,65.32846046807813,12.204421167580687,0
2025-11-07 02:47:43.460521,0.8072522139853915,63.22475196817232,10.625981707977598,0
2025-11-07 02:47:45.460521,1.0628799589683595,63.460020801829934,11.17635672210492,1
2025-11-07 02:47:47.460521,0.9324186528181472,73.10246146694357,12.319822327367328,0
2025-11-07 02:47:49.460521,0.8343863565061677,65.30881038638134,11.550151290429822,1
2025-11-07 02:47:51.460521,0.820331658039501,64.93171169785292,11.406831951815823,0
2025-11-07 02:47:53.460521,0.699783635476791,66.82853709108085,11.77202594944642,1
2025-11-07 02:47:55.460521,0.9983036995136135,66.33138955312347,11.771151507306568,0
2025-11-07 02:47:57.460521,0.8479005004048542,63.879193393201,11.46271630971529,0
2025-11-07 02:47:59.460521,0.7487804811591121,68.03910642439293,11.755341094694927,1
2025-11-07 02:48:01.460521,0.8298666425151432,67.56681343003783,12.600792959271052,0
2025-11-07 02:48:03.460521,0.8717874859463604,66.85229644350596,11.526347524779789,0
2025-11-07 02:48:05.460521,0.8487859749775701,66.53239682865755,11.3865582407469,0
2025-11-07 02:48:07.460521,0.8617690685279881,62.39903406809037,11.282474747171415,1
2025-11-07 02:48:09.460521,0.7995635395478505,65.53182821523771,10.869003129746686,0
2025-11-07 02:48:11.460521,0.7708594183403993,67.56597587621934,11.09849408941356,0
2025-11-07 02:48:13.460521,0.9196880051248142,65.64375685981645,11.298685292236316,1
2025-11-07 02:48:15.460521,0.9430529442815507,66.78713247029259,11.507308295380723,1
2025-11-07 02:48:17.460521,1.0611214566529916,62.641041988827034,12.130651017329178,0
2025-11-07 02:48:19.460521,1.0221314182965058,66.28100257875109,11.433512636937936,1
2025-11-07 02:48:21.460521,1.060390149498455,63.31353034125373,11.340007595530002,1
2025-11-07 02:48:23.460521,0.8817335023928196,63.05115762945233,10.956058688101196,0
2025-11-07 02:48:25.460521,0.8784801143382784,67.19342212753092,11.98255320534966,0
2025-11-07 02:48:27.460521,0.8133616491302181,66.97035740130687,12.446564813143258,0
2025-11-07 02:48:29.460521,1.0869612505327007,67.59290612387262,11.369985411674607,0
2025-11-07 02:48:31.460521,0.8637298867885458,61.76622662874113,11.975505562211968,0
2025-11-07 02:48:33.460521,0.8591313436931594,63.53066279879359,10.61881053256219,0
2025-11-07 02:48:35.460521,0.9038841475315347,64.7626880390837,11.666854085855196,0
2025-11-07 02:48:37.460521,1.0108283962657978,64.9236325726064,11.823594865740839,1
2025-11-07 02:48:39.460521,0.8758742517123439,72.28157511674587,10.668480449761711,1
2025-11-07 02:48:41.460521,1.0280817090385843,63.92131363921561,11.767703181840712,0
2025-11-07 02:48:43.460521,0.9230630077015223,61.09029919937318,10.616149934843994,1
2025-11-07 02:48:45.460521,0.8302516182123171,64.50500263679498,12.28991876583697,1
2025-11-07 02:48:47.460521,0.8284601132000551,66.34257444166256,12.173840976612269,1
2025-11-07 02:48:49.460521,0.8783358522723601,65.72992416345873,12.193008884092464,0
2025-11-07 02:48:51.460521,1.1496347949731067,64.14724026380424,10.718540195287183,0
2025-11-07 02:48:53.460521,0.8574541755739321,66.64703390542503,11.381327552283976,0
2025-11-07 02:48:55.460521,0.9259001327386234,63.23892509204185,11.629195194694827,1
2025-11-07 02:48:57.460521,0.9595170353742957,65.47810201584622,11.576535168356735,1
2025-11-07 02:48:59.460521,0.8688975253591203,70.38422970253718,10.686476780488315,0
2025-11-07 02:49:01.460521,0.9677776315584925,66.73148732922131,11.209452962908568,1
2025-11-07 02:49:03.460521,0.7219554652487586,67.08502341053115,11.646196921728293,1
2025-11-07 02:49:05.460521,1.0218938825304333,63.972963524755684,11.441456892360748,1
2025-11-07 02:49:07.460521,1.0550528277727418,67.37134115993621,11.51986672788049,0
2025-11-07 02:49:09.460521,0.9022991952761497,66.33180409838249,11.99749140783427,0
2025-11-07 02:49:11.460521,0.9206251219416415,63.50706074953742,11.101905210902874,1
2025-11-07 02:49:13.460521,0.8965747672561988,68.20433684100237,11.11889020555538,1
2025-11-07 02:49:15.460521,0.9416464440640029,63.34937150832905,11.17096456982495,0
2025-11-07 02:49:17.460521,0.9211391042991248,66.54114170064443,10.653959759540276,0
2025-11-07 02:49:19.460521,0.8410378033361533,63.46500078367101,11.395927350050151,1
2025-11-07 02:49:21.460521,1.0155225755766755,62.8053603430312,11.753897638359598,1
2025-11-07 02:49:23.460521,0.9551929317819969,63.24401424158583,12.074669497627854,1
2025-11-07 02:49:25.460521,0.7440959792509451,63.25407447362942,11.60613842296517,0
2025-11-07 02:49:27.460521,0.9366402578961096,66.08513413234319,10.975110573237114,0
2025-11-07 02:49:29.460521,0.8617637565947701,66.39692724663044,11.163482685159192,0
2025-11-07 02:49:31.460521,0.9158087270239333,62.446681579684224,10.733732801921436,1
2025-11-07 02:49:33.460521,0.7888296752066375,67.23346282479811,11.863326630039543,1
2025-11-07 02:49:35.460521,0.8949640294186944,67.3116428796799,11.589556569906717,1
2025-11-07 02:49:37.460521,0.8452242956980588,69.59884581844078,11.337617413568358,0
2025-11-07 02:49:39.460521,0.824569351474225,68.69756935180907,12.137810941967931,0
2025-11-07 02:49:41.460521,0.7699642505233889,65.13495978760837,11.486706568194185,1
2025-11-07 02:49:43.460521,0.869383050130985,61.27390728043512,12.084762318285058,0
2025-11-07 02:49:45.460521,0.7837010529680349,64.74240757012404,11.669738649012443,0
2025-11-07 02:49:47.460521,1.0597514145183995,67.29311338910131,11.557744897246847,0
2025-11-07 02:49:49.460521,0.9191384583265152,69.56086972573567,11.493698996367154,1
2025-11-07 02:49:51.460521,0.766021634104052,65.19462184004912,12.657807532266682,1
2025-11-07 02:49:53.460521,1.045623857433837,66.13549827012143,11.999502400983626,0
2025-11-07 02:49:55.460521,0.907247360631332,60.59182312394536,11.88516568426032,1
2025-11-07 02:49:57.460521,0.8365640973573542,63.39051481626866,10.952329916335604,1
2025-11-07 02:49:59.460521,0.8677857513140995,65.1886790963921,11.577539900284997,0
2025-11-07 02:50:01.460521,0.8148054026257388,60.765639746059584,11.133054625990988,1
2025-11-07 02:50:03.460521,0.844019422861207,64.24337733722825,12.087131602959463,0
2025-11-07 02:50:05.460521,0.9651290222657977,65.03757202835413,11.05513190841048,0
2025-11-07 02:50:07.460521,0.7964638656823483,60.14071414587539,11.18303961520577,1
2025-11-07 02:50:09.460521,0.9568651610943875,67.679530975327,11.770427411885192,1
2025-11-07 02:50:11.460521,0.9046147614697102,64.20166011248128,11.036465189983428,0
2025-11-07 02:50:13.460521,1.0646878093140113,64.92046623808379,11.922456524628261,1
2025-11-07 02:50:15.460521,0.847015592290727,63.63701179401501,11.236903397297503,0
2025-11-07 02:50:17.460521,0.919341650971353,64.14938801641236,10.9358759770324,1
2025-11-07 02:50:19.460521,0.8598611962125469,69.50337044043573,11.444056213518767,0
2025-11-07 02:50:21.460521,0.8700667414846064,69.06245096277738,12.177420256088025,0
2025-11-07 02:50:23.460521,0.9729922480280088,63.4589255921276,11.692093070044647,0
2025-11-07 02:50:25.460521,0.8657126305526677,65.04497605896101,11.041714837941182,0
2025-11-07 02:50:27.460521,0.9135189072414661,69.46872398202933,11.703353724691231,1
2025-11-07 02:50:29.460521,0.7540929137116312,65.7887625392388,11.827392756376423,0
2025-11-07 02:50:31.460521,0.9289770131695442,61.15353014200957,11.892016595827776,1
2025-11-07 02:50:33.460521,0.8519679818418333,63.35428125002102,11.501043247445333,1
2025-11-07 02:50:35.460521,0.8707091406446186,66.69441889820904,11.421724743865235,0
2025-11-07 02:50:37.460521,0.8844806164636387,64.4033543969579,11.51307258085877,0
2025-11-07 02:50:39.460521,0.8793721374629629,66.59433757755372,10.719814974626866,0
2025-11-07 02:50:41.460521,0.8247894338542351,62.82601539997718,12.245765591798214,1
2025-11-07 02:50:43.460521,0.9842335027138276,64.59510274775394,10.848649476500531,1
2025-11-07 02:50:45.460521,0.907202292290276,60.7493175453058,10.671323751547883,1
2025-11-07 02:50:47.460521,0.9026298655574931,66.70942730938845,11.365597201615698,1
2025-11-07 02:50:49.460521,0.9798899189324668,65.12777612302686,11.918289122961637,0
2025-11-07 02:50:51.460521,0.9163638352441482,60.43625620168085,11.862588384326994,0
2025-11-07 02:50:53.460521,1.0385879785455512,70.15054183950208,10.930455192608289,1
2025-11-07 02:50:55.460521,1.034630943959572,65.5024716778819,10.310309952068039,0
2025-11-07 02:50:57.460521,0.6309777437106705,67.3127859777223,10.886135928147466,0
2025-11-07 02:50:59.460521,0.7441447746363375,69.25841000931855,10.649057603605206,0
2025-11-07 02:51:01.460521,1.1231390211902093,65.13784364791539,11.382624843302352,0
2025-11-07 02:51:03.460521,1.092550226738142,64.36620156194677,11.168647999753944,1
2025-11-07 02:51:05.460521,0.9427058076598532,65.13267400554149,11.697623695549439,1
2025-11-07 02:51:07.460521,0.7727020670516936,68.69796486150379,12.512236551599756,0
2025-11-07 02:51:09.460521,0.7987025301681958,65.75423157649415,10.812379634539669,0
2025-11-07 02:51:11.460521,0.9503251818614544,65.6619576612694,12.26743716605547,0
2025-11-07 02:51:13.460521,0.8647680817239064,68.406532302506,11.962480386868785,0
2025-11-07 02:51:15.460521,0.9623821667481073,68.49246315130924,11.600088441718237,0
2025-11-07 02:51:17.460521,0.9304302655293952,64.3057022365135,11.482087476197988,1
2025-11-07 02:51:19.460521,0.8291077807296122,63.93232228852964,10.880113553379067,0
2025-11-07 02:51:21.460521,0.7859200335311141,64.67667899043278,10.955052359450383,0
2025-11-07 02:51:23.460521,0.8430552541697501,67.53313392329241,11.560919192532493,1
2025-11-07 02:51:25.460521,1.012111416879825,65.52682919953905,11.278015665008928,1
2025-11-07 02:51:27.460521,0.9695731234945505,62.53940579202276,11.93259963527317,0
2025-11-07 02:51:29.460521,0.8542702593123845,67.16286877877695,10.79296882503905,0
2025-11-07 02:51:31.460521,1.0071622006542065,63.19611825112691,11.308184149890362,0
2025-11-07 02:51:33.460521,0.867849302086243,67.31969134304347,11.374575750596085,1
2025-11-07 02:51:35.460521,0.9053273596181557,62.94096057855649,11.995328558763951,1
2025-11-07 02:51:37.460521,0.9940189681611513,66.0651987887207,12.11262942500175,1
2025-11-07 02:51:39.460521,0.9804440418190686,66.63970957813783,12.384417890277676,0
2025-11-07 02:51:41.460521,0.7414427890508405,60.459442828169045,11.614267752665292,0
2025-11-07 02:51:43.460521,0.7913688024722306,69.5635495619032,10.879266922434287,1
2025-11-07 02:51:45.460521,0.8448530275497532,61.62526237994558,11.059676842107907,1
2025-11-07 02:51:47.460521,0.7651304350520727,66.84007229110493,10.73982565186986,0
2025-11-07 02:51:49.460521,0.9165546669613953,67.90214774757173,11.357868500835991,0
2025-11-07 02:51:51.460521,0.9951771359729459,63.09296842996528,11.642826854078537,1
2025-11-07 02:51:53.460521,0.8486477357349738,62.57272697309263,11.409808837253694,1
2025-11-07 02:51:55.460521,0.7051923987478329,62.27025855096552,12.193279796858736,1
2025-11-07 02:51:57.460521,0.7164100842572892,67.20568480057078,11.306283642389847,0
2025-11-07 02:51:59.460521,0.8324886673828906,66.4621157684173,11.360687674176694,1
2025-11-07 02:52:01.460521,0.9490843301404093,66.83841003065271,10.736858625745564,1
2025-11-07 02:52:03.460521,0.7918921205083983,64.09210530422921,11.672453333822348,0
2025-11-07 02:52:05.460521,0.7860368073459798,67.66110101157824,11.442172431934441,0
2025-11-07 02:52:07.460521,1.066790022328617,61.868575261041926,11.427066309238299,0
2025-11-07 02:52:09.460521,0.9058315675570628,63.435362422113386,11.372072960814025,0
2025-11-07 02:52:11.460521,0.8353943859844728,64.11351689603126,11.340653157057842,1
2025-11-07 02:52:13.460521,0.962831757413568,61.88858997588119,11.652246828596066,0
2025-11-07 02:52:15.460521,1.0751298441687964,62.83757138179509,10.972791543953553,0
2025-11-07 02:52:17.460521,0.8341528782099696,61.57356287061191,12.276587066210167,1
2025-11-07 02:52:19.460521,0.8937755144897849,68.33430839818674,11.761149301959696,1
2025-11-07 02:52:21.460521,0.8682539557256519,65.83891051282795,11.939723321221788,0
2025-11-07 02:52:23.460521,0.9782978549988764,65.71605795816166,11.512083606794832,0
2025-11-07 02:52:25.460521,0.9030327276006274,64.83114531578249,11.325431580882446,1
2025-11-07 02:52:27.460521,0.8726000957825921,64.07652833637819,11.201966127401704,0
2025-11-07 02:52:29.460521,0.8259332533810885,60.68484325323377,11.96412563394173,0
2025-11-07 02:52:31.460521,0.8436564636818681,64.82198073355275,11.812089077658461,1
2025-11-07 02:52:33.460521,1.0295028989416122,64.68171301728138,12.029043407947302,0
2025-11-07 02:52:35.460521,1.1071243173772014,69.97438895152132,11.46741705562138,1
2025-11-07 02:52:37.460521,0.8647592217428076,63.19193838566345,11.593237199660505,1
2025-11-07 02:52:39.460521,0.9872120208827534,68.3066050981108,12.338475087775654,1
2025-11-07 02:52:41.460521,0.8380940550118192,66.76224991031353,11.386396329097018,0
2025-11-07 02:52:43.460521,0.997180395278595,65.4236259801182,11.17066355238939,1
2025-11-07 02:52:45.460521,0.71906482335203,64.29763317408865,11.268208440707436,0
2025-11-07 02:52:47.460521,1.1444645684891523,62.46665050102571,11.419207120766588,0
2025-11-07 02:52:49.460521,1.0408729916422144,65.30859727427648,10.862110844990905,0
2025-11-07 02:52:51.460521,0.8855551687450447,63.1187589982554,11.85378925916193,1
2025-11-07 02:52:53.460521,0.8879355620081959,63.468564740741094,11.583168455465781,0
2025-11-07 02:52:55.460521,0.927425536439401,61.87842951237696,11.467550754325702,1
2025-11-07 02:52:57.460521,0.9539580173582005,64.64059004382803,11.840843392201773,1
2025-11-07 02:52:59.460521,1.01067147467447,59.66665347836996,11.26918916305461,0
2025-11-07 02:53:01.460521,0.8699298354320387,65.38813957775469,12.489142234453364,0
2025-11-07 02:53:03.460521,1.102176903539861,65.78355178693722,12.45065563317189,0
2025-11-07 02:53:05.460521,0.9175629799624675,66.91767725971198,11.951792284638088,1
2025-11-07 02:53:07.460521,0.8875196851670573,63.43035011279525,11.115272159444775,0
2025-11-07 02:53:09.460521,1.0536774761115897,65.05030893791219,11.292079832779775,1
2025-11-07 02:53:11.460521,0.9204490962326648,64.79556005185722,11.715394317429524,0
2025-11-07 02:53:13.460521,0.8860839406422598,67.49294474645748,12.225573983645226,0
2025-11-07 02:53:15.460521,0.8291136813037709,67.50107618623092,11.59910987735845,0
2025-11-07 02:53:17.460521,0.9032155037387394,65.97459790620884,11.577251113569602,1
2025-11-07 02:53:19.460521,1.0032716934702972,67.5265052262744,11.241371786669225,0
2025-11-07 02:53:21.460521,0.8660524430983805,64.82865619243891,11.708246519143275,1
2025-11-07 02:53:23.460521,0.9039321725346395,67.2438061812936,11.50589420907461,0
2025-11-07 02:53:25.460521,1.0208313460974263,64.6583875971093,11.081510503258036,1
2025-11-07 02:53:27.460521,1.005018654153844,67.59146992564959,11.81264395943355,1
2025-11-07 02:53:29.460521,0.8952935676918141,65.47979697518845,11.950709035691265,0
2025-11-07 02:53:31.460521,0.8050193774221329,70.0349921958215,11.95238398403079,0
2025-11-07 02:53:33.460521,0.9935028419001092,62.17128156893523,11.849135815568628,0
2025-11-07 02:53:35.460521,0.7746083585124414,61.55826124647961,10.946154526621163,0
2025-11-07 02:53:37.460521,0.9078203925819156,60.44892687886068,11.981146664163905,0
2025-11-07 02:53:39.460521,0.7777689880340856,68.35092136720789,11.951621422319038,0
2025-11-07 02:53:41.460521,0.8195051477608113,64.66174976542413,10.919390907340826,0
2025-11-07 02:53:43.460521,0.8914500803066776,64.22867907409886,11.32286872885959,0
2025-11-07 02:53:45.460521,0.8926165677227609,65.32152444620155,11.650543696115452,1
2025-11-07 02:53:47.460521,0.8489896139185044,64.15655433772952,11.346826211743805,1
2025-11-07 02:53:49.460521,0.995137712216604,65.54174092225057,11.95345149619035,0
2025-11-07 02:53:51.460521,0.6855037791343033,70.68045633384311,11.664504457765123,0
2025-11-07 02:53:53.460521,1.054782033201209,66.32768816585143,11.401053668476008,0
2025-11-07 02:53:55.460521,0.8081822270868161,63.691321924271165,11.478613888883112,1
2025-11-07 02:53:57.460521,0.8359877070477814,61.50724443324638,11.906899758818364,1
2025-11-07 02:53:59.460521,0.9086255643230928,62.23022235474086,11.425288796432008,0
2025-11-07 02:54:01.460521,0.8432650824401279,61.697843188281944,11.246811482371548,1
2025-11-07 02:54:03.460521,0.8338811232634677,61.28850442504433,10.639496492723989,0
2025-11-07 02:54:05.460521,0.8759925427751414,67.70696465214533,11.949010208216995,1
2025-11-07 02:54:07.460521,0.7895143322665551,68.25245215830839,11.56254744959109,0
2025-11-07 02:54:09.460521,0.9935641172262293,66.16373951744659,11.405269839407243,0
2025-11-07 02:54:11.460521,1.0258021552705021,68.01637352386706,11.165422911160137,0
2025-11-07 02:54:13.460521,0.8814159525923687,62.20216209759951,11.353460122069327,1
2025-11-07 02:54:15.460521,1.0180327937146445,63.074823605048344,11.166218757894434,1
2025-11-07 02:54:17.460521,0.9269264690325119,69.61235785258728,11.977065986770572,0
2025-11-07 02:54:19.460521,0.8939116819916615,62.304593895691944,10.64871611080694,1
2025-11-07 02:54:21.460521,0.7084271155172651,65.99704943301013,11.214083414531974,0
2025-11-07 02:54:23.460521,0.8607404227936603,61.990174764025866,12.064580376396933,0
2025-11-07 02:54:25.460521,0.8526920626070313,65.09049602055171,10.59929576555303,0
2025-11-07 02:54:27.460521,0.6662031057840324,65.43848171063925,12.297641949874855,1
2025-11-07 02:54:29.460521,1.054772597493181,63.52017895356362,11.432955294150497,0
2025-11-07 02:54:31.460521,0.7663956994349226,61.696864231641214,11.308250288003267,0
2025-11-07 02:54:33.460521,0.8325263294062913,64.57240435331707,11.646940642401029,1
2025-11-07 02:54:35.460521,0.8988085700274663,63.41939472563448,11.40732819803976,0
2025-11-07 02:54:37.460521,1.0550780978195913,69.23900014660828,11.709239186383398,0
2025-11-07 02:54:39.460521,0.7555049191370029,63.357425819919364,11.808324972871036,0
2025-11-07 02:54:41.460521,0.9930144951891114,64.96445309602042,12.019144203658405,0
2025-11-07 02:54:43.460521,0.796287785577762,63.184856861818844,11.133600760929772,1
2025-11-07 02:54:45.460521,0.958105965681229,63.99106835783792,11.475900505693916,0
2025-11-07 02:54:47.460521,0.7177667951432924,69.0169575016008,10.793877298662876,0
2025-11-07 02:54:49.460521,0.8777433079912754,65.50299722702144,12.007692192538018,0
2025-11-07 02:54:51.460521,0.7741838535373516,63.08136191122717,12.036444911896329,0
2025-11-07 02:54:53.460521,0.6954407642707365,63.66824377467271,11.804445595404038,0
2025-11-07 02:54:55.460521,0.8913340576272852,69.45914589239935,10.78809772142436,0
2025-11-07 02:54:57.460521,0.8625269109985262,64.33498767372524,11.449058079179013,0
2025-11-07 02:54:59.460521,0.7263193893298234,60.96722884407394,11.106691737236101,1
2025-11-07 02:55:01.460521,0.9186012243391367,63.86271367120172,12.061426689743415,1
2025-11-07 02:55:03.460521,0.8562047928203276,63.056201825483235,11.175638094485755,0
2025-11-07 02:55:05.460521,1.1598984423488683,62.461148777932884,12.220488461148642,0
2025-11-07 02:55:07.460521,0.8827553552271223,62.51637385354964,10.884644182066877,0
2025-11-07 02:55:09.460521,0.8183733693503903,65.85634962597668,10.893676146766431,1
2025-11-07 02:55:11.460521,0.8816020003897961,66.61403015685882,12.15508564234704,0
2025-11-07 02:55:13.460521,0.8105369300647625,62.79499587640705,11.17631709886399,1
2025-11-07 02:55:15.460521,0.9347050776561945,66.50316443498896,11.387522076034738,1
2025-11-07 02:55:17.460521,0.8561580148708611,66.37137714631476,11.345822276855905,0
2025-11-07 02:55:19.460521,0.9556535323156281,62.07491395748578,11.82776979823159,0
2025-11-07 02:55:21.460521,0.8100943805472492,64.53731160344763,11.688440088304704,0
2025-11-07 02:55:23.460521,1.0715622942626768,68.67845068155755,12.151712867729715,0
2025-11-07 02:55:25.460521,0.8345927076310152,67.09223360252902,11.217837551824243,1
2025-11-07 02:55:27.460521,1.0164651078637603,66.77501844871827,12.03321640622944,0
2025-11-07 02:55:29.460521,0.871295445953794,66.61666281160821,11.285319341597697,1
2025-11-07 02:55:31.460521,0.9397118963221304,67.31168466921659,11.947523551814573,0
2025-11-07 02:55:33.460521,0.9237243761201712,64.96442143219575,11.72617187423542,0
2025-11-07 02:55:35.460521,1.0672652329110963,61.379586326028125,12.377033502453378,0
2025-11-07 02:55:37.460521,0.9311358395479965,69.0299592305554,12.087700615666071,1
2025-11-07 02:55:39.460521,0.9834834607536818,65.23136430820324,11.58382723515099,0
2025-11-07 02:55:41.460521,1.0163727167077834,64.75816223688804,11.979601402326452,0
2025-11-07 02:55:43.460521,0.7120017134446279,61.54247715193947,11.270897527775608,1
2025-11-07 02:55:45.460521,0.85863259295645,65.13810236858959,11.624802917071188,0
2025-11-07 02:55:47.460521,0.7217287300416946,65.58571771562497,12.093202371414462,0
2025-11-07 02:55:49.460521,0.9606048541250428,68.65585327609709,11.449131572203681,1
2025-11-07 02:55:51.460521,0.7808573622623433,66.70460331693666,11.369697387557881,1
2025-11-07 02:55:53.460521,0.9231864200540416,64.35745998832742,11.27009819460567,1
2025-11-07 02:55:55.460521,0.9563437555396739,65.72088023496087,11.252059860077573,1
2025-11-07 02:55:57.460521,0.8331485760854314,66.53096616843786,11.362762786726346,0
2025-11-07 02:55:59.460521,1.0097607584482733,64.27133021169428,11.702786978605792,0
2025-11-07 02:56:01.460521,0.937044866411551,65.1460500593041,11.71944598378335,1
2025-11-07 02:56:03.460521,0.8892323224602834,65.21838818947312,11.715286843559962,0
2025-11-07 02:56:05.460521,0.8071718822927132,66.47040387955172,12.343670589979766,0
2025-11-07 02:56:07.460521,0.9194239849065242,66.90808082459387,11.264068905495298,0
2025-11-07 02:56:09.460521,0.7735388863466741,65.42835492089165,11.494710803487415,0
2025-11-07 02:56:11.460521,0.89997066398949,65.64050935671172,11.779242324312184,1
2025-11-07 02:56:13.460521,0.9192655041795865,66.98391614452319,11.644634649852097,0
2025-11-07 02:56:15.460521,0.8584676371368559,69.73128031794636,11.080744718986654,0
2025-11-07 02:56:17.460521,0.9109081613167912,63.108323545813086,11.495323764096359,1
2025-11-07 02:56:19.460521,0.8341054874665631,67.76488235804422,10.55368955225386,1
2025-11-07 02:56:21.460521,0.9333062949865655,62.53030144236205,11.387814389940305,0
2025-11-07 02:56:23.460521,0.8997707894741256,59.811877155023225,11.639055618173868,0
2025-11-07 02:56:25.460521,0.8298826931710872,61.03476668437336,10.795140847231663,1
2025-11-07 02:56:27.460521,0.8211157832067251,61.25211916275166,11.824754501828801,1
2025-11-07 02:56:29.460521,0.9337426445918436,62.97574975909325,11.097603049959092,0
2025-11-07 02:56:31.460521,0.7575454281066013,64.70483334819922,11.914159271579402,1
2025-11-07 02:56:33.460521,0.8528372798374722,59.84115325059189,10.912162383207376,1
2025-11-07 02:56:35.460521,0.8638249705410501,63.67487696080343,12.022765040284833,0
2025-11-07 02:56:37.460521,1.016214163220912,70.14371579333725,11.324615278884476,0
2025-11-07 02:56:39.460521,0.8238542320572161,59.640154564231565,12.126884264865119,0
2025-11-07 02:56:41.460521,0.9574155333768325,64.69346436924,11.736353790766033,0
2025-11-07 02:56:43.460521,0.7459701450707968,69.67845461793516,10.592344346542943,0
2025-11-07 02:56:45.460521,1.0291903047273259,59.48185801808743,11.644090726113609,1
2025-11-07 02:56:47.460521,0.6760745235546092,64.05050189191594,11.638017691788567,0
2025-11-07 02:56:49.460521,0.8301872263135619,67.65414580587706,11.624200017902753,1
2025-11-07 02:56:51.460521,0.9530453656055615,67.35036662964303,11.332324859982899,0
2025-11-07 02:56:53.460521,0.7944065561063689,65.46875519904971,10.937036449109364,1
2025-11-07 02:56:55.460521,0.9787587740485358,62.416599684615136,10.848603285003358,1
2025-11-07 02:56:57.460521,0.9019197346418432,68.96769431949087,11.192761748746642,0
2025-11-07 02:56:59.460521,0.8607129358671907,61.09918978950311,10.752612445383896,0
2025-11-07 02:57:01.460521,1.0135603268065845,65.05498445757995,11.363025409350149,0
2025-11-07 02:57:03.460521,0.8392916717484588,67.12829325493229,10.812006553991377,0
2025-11-07 02:57:05.460521,0.8218686277439118,64.12099328752483,11.246796665568208,0
2025-11-07 02:57:07.460521,0.8097393876444278,63.36737200082384,11.284196997944315,1
2025-11-07 02:57:09.460521,0.9251625157118728,64.36635382379276,11.557833609010261,1
2025-11-07 02:57:11.460521,0.932928154170557,63.67062906566322,11.224624582007682,1
2025-11-07 02:57:13.460521,0.9577830918455865,66.95601561656309,11.608392950073503,1
2025-11-07 02:57:15.460521,0.9735389312022129,62.60934530137978,11.388910658598737,0
2025-11-07 02:57:17.460521,0.7747214690565136,62.60817917396976,11.73800006169054,0
2025-11-07 02:57:19.460521,0.9644976164341945,65.76279241298317,12.27593524124465,1
2025-11-07 02:57:21.460521,0.9309139768906862,67.71542960699303,12.091627459193038,0
2025-11-07 02:57:23.460521,1.0702479221413808,65.96114886065604,11.769131328230937,0
2025-11-07 02:57:25.460521,0.9237881749815713,64.8770412350388,11.547675356602594,1
2025-11-07 02:57:27.460521,0.9267465873747395,60.46881453529232,12.254559853775342,1
2025-11-07 02:57:29.460521,0.8371974293134666,63.131067585751275,11.5827446002031,0
2025-11-07 02:57:31.460521,0.9514072743030361,66.08300016938642,11.058263758161846,0
2025-11-07 02:57:33.460521,0.8193519231230944,65.30096613507769,11.962350346133332,0
2025-11-07 02:57:35.460521,0.851792702019599,66.34263295594167,11.272368470211969,0
2025-11-07 02:57:37.460521,0.80714607569489,64.03849252145295,12.710811664929066,1
2025-11-07 02:57:39.460521,0.8691044409750944,65.43975243862816,11.55819099596099,1
2025-11-07 02:57:41.460521,0.8424897035174362,63.32970169321707,10.787513389299422,1
2025-11-07 02:57:43.460521,0.8220177620507614,58.49135038487637,11.484739270229673,0
2025-11-07 02:57:45.460521,0.9548185753847294,66.24628892508392,11.150309004188152,1
2025-11-07 02:57:47.460521,0.9775668093742068,67.27578620477426,10.613847002077087,1
2025-11-07 02:57:49.460521,0.9318709678014838,65.17156892188588,11.182763344807302,1
2025-11-07 02:57:51.460521,0.8843241425450589,64.57440260976021,10.921594247984343,1
2025-11-07 02:57:53.460521,0.9279027335918538,64.56739697959063,11.47189521255675,0
2025-11-07 02:57:55.460521,0.9050476689283734,66.73391825434506,11.139599616395587,0
2025-11-07 02:57:57.460521,0.842018196717314,66.83887368833777,11.485489327897916,0
2025-11-07 02:57:59.460521,0.908129409154673,63.85462742281293,11.07683829071378,1
2025-11-07 02:58:01.460521,0.8643830196065304,62.8718519319301,11.65635614760146,1
2025-11-07 02:58:03.460521,0.8423046507546766,60.92269209047162,11.754003336959602,0
2025-11-07 02:58:05.460521,0.8260807031426434,65.53731646092736,11.194985524124474,1
2025-11-07 02:58:07.460521,0.996980506492367,65.26023106115862,11.40831137146193,1
2025-11-07 02:58:09.460521,1.0009054770609631,63.50369696682905,10.659910496280737,1
2025-11-07 02:58:11.460521,0.9543550411443819,65.66510239178999,11.32067219698875,1
2025-11-07 02:58:13.460521,0.8485880323923148,62.246696306057004,10.77834403652539,0
2025-11-07 02:58:15.460521,1.093813316657727,65.53848921058984,11.092734324708788,1
2025-11-07 02:58:17.460521,0.8901385465643797,68.81448046915253,11.642297503994493,0
2025-11-07 02:58:19.460521,0.6918197405320946,61.79467892356572,11.516966389133758,0
2025-11-07 02:58:21.460521,0.989234901809299,70.5009174309323,11.151806246268645,0
2025-11-07 02:58:23.460521,0.789471217033138,64.90787730373617,10.456626490037442,1
2025-11-07 02:58:25.460521,0.9233825517248772,61.683793245781104,12.323541131491375,0
2025-11-07 02:58:27.460521,0.8327243880630116,65.03683158411494,11.200342037392176,0
2025-11-07 02:58:29.460521,0.597560802379004,64.26986605844424,10.714603623903932,0
2025-11-07 02:58:31.460521,0.9214676298791381,66.99878539950916,11.930390582238445,0
2025-11-07 02:58:33.460521,0.7902380016184741,62.64048982298604,11.29027108403975,0
2025-11-07 02:58:35.460521,0.9054264911923289,67.49535941802151,11.162563177335993,0
2025-11-07 02:58:37.460521,0.8670630266375225,61.79256917547931,10.60470338791368,0
2025-11-07 02:58:39.460521,0.8196265395611576,63.219737592889004,11.936418806965136,0
2025-11-07 02:58:41.460521,0.9771004382774203,64.42428210924267,11.02317144310287,0
2025-11-07 02:58:43.460521,0.7625308448149078,62.449974878210895,11.88958951432041,1
2025-11-07 02:58:45.460521,0.9008303573394819,59.44620679242706,10.776230726386785,1
2025-11-07 02:58:47.460521,1.006755461335639,68.08477118281156,12.04969285885636,0
2025-11-07 02:58:49.460521,0.9574370691883533,66.0457998698604,11.467759190091732,0
2025-11-07 02:58:51.460521,1.0197468542209436,63.263645424455184,11.244588156508028,0
2025-11-07 02:58:53.460521,0.7376345691920695,60.4072048272147,11.167661848570031,0
2025-11-07 02:58:55.460521,0.899846257577417,64.11057082637458,11.178910818583502,1
2025-11-07 02:58:57.460521,0.8368968912878695,64.80402489956118,11.257796548098813,0
2025-11-07 02:58:59.460521,0.8979329296901943,67.22903460616521,10.891592336242425,1
2025-11-07 02:59:01.460521,1.0319747195347153,65.18062136842222,11.999767854927308,0
2025-11-07 02:59:03.460521,0.8513142212059255,57.096333689432655,11.102338853311412,0
2025-11-07 02:59:05.460521,0.9036828753142394,64.37907815008963,11.185532037622664,0
2025-11-07 02:59:07.460521,0.6808891678127662,63.02821352394628,11.687843971302527,1
2025-11-07 02:59:09.460521,0.7326533486013649,61.149095731709096,11.460563804056621,1
2025-11-07 02:59:11.460521,1.0760255627105295,62.16751177814997,11.778060957235345,0
2025-11-07 02:59:13.460521,0.8694096898781637,71.2700287012372,11.83597078575082,1
2025-11-07 02:59:15.460521,1.0356579719552939,65.67873435248259,12.083632579012582,0
2025-11-07 02:59:17.460521,1.0983641111675866,63.34429869375831,12.040291365030528,1
2025-11-07 02:59:19.460521,0.9149093657905504,69.39253013370264,10.55520300102219,0
2025-11-07 02:59:21.460521,0.8315201651317633,64.83992656299537,12.508882480378501,0
2025-11-07 02:59:23.460521,0.9156423460933398,64.41235330796094,11.718275785274342,1
2025-11-07 02:59:25.460521,1.0040788180356048,67.36694046549698,11.394961701876408,1
2025-11-07 02:59:27.460521,1.0113995091768149,64.8562311117952,11.02639152507578,0
2025-11-07 02:59:29.460521,0.8953451138762429,63.48455593702374,10.90131643192147,1
2025-11-07 02:59:31.460521,0.8742258272840226,66.3952809032242,11.226378581788056,0
2025-11-07 02:59:33.460521,0.7506445429197648,66.47477347288628,11.99151880966894,0
2025-11-07 02:59:35.460521,0.9013359067206367,66.78783836748288,10.595860327330033,0
2025-11-07 02:59:37.460521,1.099499574179906,63.33730377312627,10.642245183519691,1
2025-11-07 02:59:39.460521,0.9114078494743963,61.10124575180169,12.032360324032501,0
2025-11-07 02:59:41.460521,1.0316077574405582,63.72806377302114,11.937519387222029,0
2025-11-07 02:59:43.460521,0.9954017956570363,66.18951077274272,12.635103965216155,1
2025-11-07 02:59:45.460521,0.9404483358014601,63.52428365547892,10.444573402774749,0
2025-11-07 02:59:47.460521,0.9812548153676977,61.28815147986788,11.46425317858062,0
2025-11-07 02:59:49.460521,0.8058993460852764,69.70523332263316,11.348077203037086,1
2025-11-07 02:59:51.460521,0.8214497135500347,63.61788335506417,11.585358681744092,0
2025-11-07 02:59:53.460521,0.9129919775665885,63.25990724801845,11.05990639654615,0
2025-11-07 02:59:55.460521,0.8515567268971143,61.78112559592167,10.616924961966998,0
2025-11-07 02:59:57.460521,0.7503332188862224,66.50616972286382,10.861885598814817,1
2025-11-07 02:59:59.460521,0.9851940852906931,67.89497132711833,10.458190836774872,0
2025-11-07 03:00:01.460521,0.9145024811727497,66.47388608967668,11.000241629831395,0
2025-11-07 03:00:03.460521,0.9836209186196637,64.77425451234691,11.80127831264092,1
2025-11-07 03:00:05.460521,0.9451488385005641,63.04938855607037,10.481133729839584,0
2025-11-07 03:00:07.460521,1.001912964269132,65.17125940936678,11.584276564564098,1
2025-11-07 03:00:09.460521,0.9319387540020021,64.65970783897309,11.435122102955312,0
2025-11-07 03:00:11.460521,1.0013508570221263,64.2301666753082,11.233304715357026,0
2025-11-07 03:00:13.460521,0.9162992093552149,64.26211166961147,11.50263960923975,0
2025-11-07 03:00:15.460521,0.9016449250767821,62.736483660607995,11.339129624418677,0
2025-11-07 03:00:17.460521,0.7647748976836479,65.40851602408301,10.967360973976204,1
2025-11-07 03:00:19.460521,0.9974990003979317,65.34910460632635,10.888647048084492,0
2025-11-07 03:00:21.460521,0.8674799444563077,71.18957465003041,11.521425554593065,1
2025-11-07 03:00:23.460521,0.8330665968984446,63.810030016023056,11.501872668130817,0
2025-11-07 03:00:25.460521,1.0155303149658115,62.53921167601816,11.627697159038062,0
2025-11-07 03:00:27.460521,0.8690544849567191,62.507668343228865,11.251847055988293,1
2025-11-07 03:00:29.460521,0.9380083163360918,62.569206245050246,10.804813492652789,1
2025-11-07 03:00:31.460521,0.7545259431979373,65.50183043424411,11.48884054048261,1
2025-11-07 03:00:33.460521,0.7540524645792537,71.31489682313638,11.6933366400488,0
2025-11-07 03:00:35.460521,0.9806030860496363,64.90289186842209,11.1706562076433,1
2025-11-07 03:00:37.460521,0.8696718033933085,62.17932055852253,11.207041807449702,0
2025-11-07 03:00:39.460521,0.946741773241756,65.57587562688086,11.685272246277714,0
2025-11-07 03:00:41.460521,0.9607406064518826,68.07056183720054,11.402215233636719,0
2025-11-07 03:00:43.460521,0.7992990824964519,67.84641139444793,12.07807619467731,1
2025-11-07 03:00:45.460521,0.82308339693735,63.01018212582341,11.285640417303195,1
2025-11-07 03:00:47.460521,0.8676378480474667,64.08895972036272,11.117805335685292,0
2025-11-07 03:00:49.460521,0.9083033497239185,67.55773543968921,11.902202008608779,1
2025-11-07 03:00:51.460521,0.8697308078181217,65.79046650303292,11.221292369368893,0
2025-11-07 03:00:53.460521,0.7960544145710426,63.3680508337868,11.491916697260105,0
2025-11-07 03:00:55.460521,0.9293827549619901,67.13399709731328,12.747667473267738,1
2025-11-07 03:00:57.460521,0.9338600021685749,66.27173506495969,11.591862798419932,0
2025-11-07 03:00:59.460521,0.7660471417213498,60.38592952910711,11.881656151735262,0
2025-11-07 03:01:01.460521,0.8721536992164929,58.864752353071324,11.006568508103973,0
2025-11-07 03:01:03.460521,0.9409750740726637,63.75029298572583,11.12705070081682,0
2025-11-07 03:01:05.460521,0.9814521685872224,65.22029011043288,11.135282176423747,1
2025-11-07 03:01:07.460521,0.8524567127572003,68.31988910969137,12.305934488707324,1
2025-11-07 03:01:09.460521,0.9002370534274096,67.2781953420729,11.892261275485803,1
2025-11-07 03:01:11.460521,1.1065310615177453,62.027001007617734,11.466457441198997,1
2025-11-07 03:01:13.460521,0.8480742028033258,64.25728789232038,11.159405015786785,1
2025-11-07 03:01:15.460521,1.0093686700823967,63.563744865245866,11.755192173403492,0
2025-11-07 03:01:17.460521,0.8893687176471198,62.1127300867263,11.513251072414239,1
2025-11-07 03:01:19.460521,1.0103953107743031,61.032390544990285,10.989038134334706,1
2025-11-07 03:01:21.460521,0.8812783769503412,66.82139019760723,11.740671678204965,1
2025-11-07 03:01:23.460521,0.7788971597535508,61.388740558958446,11.82112327978341,1
2025-11-07 03:01:25.460521,0.8024136397929664,63.702994417567254,10.979776054437327,0
2025-11-07 03:01:27.460521,0.7254785042754014,69.20265327380595,11.178927047595245,0
2025-11-07 03:01:29.460521,0.9928394364875959,63.818197965392734,11.731677905973775,0
2025-11-07 03:01:31.460521,0.9587294637777679,61.69548967809596,11.363356726807991,0
2025-11-07 03:01:33.460521,0.8870119631169614,69.41610393637762,11.04564137026864,0
2025-11-07 03:01:35.460521,0.8270541979113623,63.6395966054286,11.372682675274785,0
2025-11-07 03:01:37.460521,0.8576143815595438,63.35811807690243,11.067019258317412,0
2025-11-07 03:01:39.460521,0.8150677946235477,62.73307394323321,11.243209783954509,1
2025-11-07 03:01:41.460521,0.7715278120632658,65.53808879055639,10.828011517691712,1
2025-11-07 03:01:43.460521,0.9096538954122577,63.85454480577629,11.237006090419438,0
2025-11-07 03:01:45.460521,0.9142763352840958,61.6457571249904,11.996973736841456,0
2025-11-07 03:01:47.460521,0.947473863979244,60.533334190202865,11.573369639276708,1
2025-11-07 03:01:49.460521,0.7822265240503594,64.02056902801178,11.256552454848357,1
2025-11-07 03:01:51.460521,0.8842638007157512,61.647531850144375,10.596300918634997,1
2025-11-07 03:01:53.460521,1.074921481526023,64.92467741804386,11.881071560338874,1
2025-11-07 03:01:55.460521,1.0230923260937868,64.61701977056617,12.262114692238002,1
2025-11-07 03:01:57.460521,0.9104457127774576,58.96466396637557,11.501862165336906,0
2025-11-07 03:01:59.460521,0.9699939953283998,64.87191343136664,11.756047572332058,0
2025-11-07 03:02:01.460521,0.7438191680376911,64.21145785997696,10.662977510306977,1
2025-11-07 03:02:03.460521,0.9044014837429488,65.83586912374945,11.329809112156358,1
2025-11-07 03:02:05.460521,0.9793242837773081,64.45999793496131,11.492443485975189,1
2025-11-07 03:02:07.460521,0.9981204572829306,63.97167949574629,10.933650967746457,0
2025-11-07 03:02:09.460521,0.8571286525187429,66.44413591976856,11.553884053515256,0
2025-11-07 03:02:11.460521,0.786410953703335,64.47504048601428,11.625710769352175,1
2025-11-07 03:02:13.460521,1.2314490885466365,68.14615030031813,12.161399852875993,0
2025-11-07 03:02:15.460521,0.8897240619018867,65.82604255810696,11.955886996447493,0
2025-11-07 03:02:17.460521,0.9324744966456722,68.76832957203443,10.852029108789134,0
2025-11-07 03:02:19.460521,0.8414738335189181,71.78168943606867,12.618938198057995,1
2025-11-07 03:02:21.460521,0.761998590780262,64.56900589266844,11.116620271725537,0
2025-11-07 03:02:23.460521,0.8365084228289404,64.50922274328892,11.137208110325338,0
2025-11-07 03:02:25.460521,0.97632376956492,67.88330459557164,11.492806485186465,1
2025-11-07 03:02:27.460521,0.9178876966187385,64.3979402536846,11.427955994094788,0
2025-11-07 03:02:29.460521,0.8174600836427609,62.80051958386392,11.765272102366449,0
2025-11-07 03:02:31.460521,0.8276052643019038,59.69782027824349,11.883077590009991,0
2025-11-07 03:02:33.460521,0.9891784076335838,64.7350018567476,12.034571306491364,1
2025-11-07 03:02:35.460521,0.8531387994898286,66.92781761048259,11.808126990157078,0
2025-11-07 03:02:37.460521,0.9496351563388882,66.78566238503701,11.507535875559292,1
2025-11-07 03:02:39.460521,0.8561683744088694,67.41355145930918,10.832985655466636,0
2025-11-07 03:02:41.460521,1.0084261894082278,69.45730387530313,11.598782280374666,1
2025-11-07 03:02:43.460521,0.9649968651203595,65.00324052572249,12.101302492215867,0
2025-11-07 03:02:45.460521,0.8549742834146383,68.51739267766197,11.785103382917566,0
2025-11-07 03:02:47.460521,1.08605009273437,61.54656736435716,11.740891254389926,0
2025-11-07 03:02:49.460521,0.8024953909443097,63.83782676115483,10.626098911130601,1
2025-11-07 03:02:51.460521,0.8772773988225245,63.43780001593018,11.460702355086378,0
2025-11-07 03:02:53.460521,0.8110211029189913,63.0073453396972,11.169906821618952,1
2025-11-07 03:02:55.460521,0.9978093542596332,61.79159189023059,11.525676323247298,1
2025-11-07 03:02:57.460521,1.0774690065391646,66.78996291305786,11.026833027797322,0
2025-11-07 03:02:59.460521,0.9554120996063205,65.58729182898297,11.807821686531023,1
2025-11-07 03:03:01.460521,0.8941851366350465,67.14683525462812,11.342154734410807,0
2025-11-07 03:03:03.460521,1.0635944297064925,65.04754070678197,11.331172833868711,1
2025-11-07 03:03:05.460521,0.9035703844955429,66.41170948444498,10.702824703749906,0
2025-11-07 03:03:07.460521,1.0048012099329637,69.10303884922375,11.205574715719303,0
2025-11-07 03:03:09.460521,0.999955591013122,65.91778111765578,10.7721548325094,1
2025-11-07 03:03:11.460521,1.0120629348858081,58.917264763279704,11.455747462756515,1
2025-11-07 03:03:13.460521,0.9288475185477371,63.64078662114646,11.1827200295298,1
2025-11-07 03:03:15.460521,0.9756532062186012,62.11802075613558,11.252285353628135,1
2025-11-07 03:03:17.460521,0.9062206157128806,66.15633946740022,11.910873597154389,1
2025-11-07 03:03:19.460521,1.0424634413697553,67.85531940914242,11.813176696877601,0
2025-11-07 03:03:21.460521,0.9009873382917494,60.17786863688948,12.043399104274066,0
2025-11-07 03:03:23.460521,1.012592028833992,61.73146540114047,11.675184294965385,0
2025-11-07 03:03:25.460521,1.0803171958121704,62.47340963843207,11.690897884176351,0
2025-11-07 03:03:27.460521,1.0162872754713188,63.456699642055256,12.59520769673251,0
2025-11-07 03:03:29.460521,0.8362315292413068,65.50922910871137,11.347567254589594,0
2025-11-07 03:03:31.460521,0.9070818156783059,66.63163091790246,11.057121328014171,0
2025-11-07 03:03:33.460521,0.930788180401473,66.76452526456305,12.599050442911501,0
2025-11-07 03:03:35.460521,0.9114055426610621,63.813673243316536,11.739499169382299,1
2025-11-07 03:03:37.460521,0.865598912767694,63.675224224667026,11.2218809617321,1
2025-11-07 03:03:39.460521,0.800636066324101,63.04417080822534,11.727876058005172,0
2025-11-07 03:03:41.460521,0.7796327135383461,66.63734378158127,10.946837284356828,0
2025-11-07 03:03:43.460521,0.7996101243864031,65.28465382783286,11.639391503738528,1
2025-11-07 03:03:45.460521,1.0582008393559097,68.41538821288161,12.033426908292947,1
2025-11-07 03:03:47.460521,0.9111134112597973,62.84955347470105,11.786934724966226,1
2025-11-07 03:03:49.460521,0.9480221321637989,64.99200359106958,11.012395684809828,1
2025-11-07 03:03:51.460521,0.9732017537978057,65.47539986481462,10.622373326650381,0
2025-11-07 03:03:53.460521,0.7254082929505005,65.25075382058363,11.814679490445636,1
2025-11-07 03:03:55.460521,1.0417835366020884,66.24168738637478,12.722109118459947,0
2025-11-07 03:03:57.460521,1.0562073192984591,68.11265711221758,11.676994323215174,0
2025-11-07 03:03:59.460521,0.9755205758894602,68.68656828235346,11.837496010547065,0
2025-11-07 03:04:01.460521,0.8922400866898619,65.70703737975552,11.519868194581685,1
2025-11-07 03:04:03.460521,0.9875916675772373,64.85373183482491,11.139042387318606,0
2025-11-07 03:04:05.460521,0.7920531471775056,61.510276158037406,11.460222103792015,1
2025-11-07 03:04:07.460521,0.9222428983879327,67.26482511282667,12.013202197552038,0
2025-11-07 03:04:09.460521,0.917090787825595,67.27501456298839,10.786746747966598,0
2025-11-07 03:04:11.460521,0.9045669498447912,69.76488522022164,11.877048604612884,0
2025-11-07 03:04:13.460521,0.9052761751648887,66.426073741633,10.702871514447862,1
2025-11-07 03:04:15.460521,0.8598656942649898,64.11842530651259,11.09964642147318,0
2025-11-07 03:04:17.460521,0.8438346806228506,64.25044666564438,10.038298044387691,0
2025-11-07 03:04:19.460521,1.0068580330251715,61.26452568977551,11.641367834549705,0
2025-11-07 03:04:21.460521,0.9123580529201367,69.45108234923146,11.692936998683326,1
2025-11-07 03:04:23.460521,0.8056609891883048,65.15902225255267,11.784155252284863,1
2025-11-07 03:04:25.460521,0.9645589140304652,64.4442932112139,11.007264615770302,0
2025-11-07 03:04:27.460521,0.8200391883257591,65.4505138025902,11.903223022861141,1
2025-11-07 03:04:29.460521,1.0667390419197198,64.83559921959424,10.934416900685946,0
2025-11-07 03:04:31.460521,0.9471202288555045,65.31464577253205,11.267856309257459,0
2025-11-07 03:04:33.460521,0.9703324675477962,68.69631813604842,10.767473025475033,0
2025-11-07 03:04:35.460521,1.0272604952411601,69.00936375714251,11.123787500080583,0
2025-11-07 03:04:37.460521,1.1014858938939907,66.92937641871788,11.576926628795038,0
2025-11-07 03:04:39.460521,1.071391864131282,65.4442607524419,11.426611536122897,0
2025-11-07 03:04:41.460521,0.8944959167760825,64.63645972224691,11.214227335914396,0
2025-11-07 03:04:43.460521,0.809443541391323,63.42046254070723,11.305894420551397,1
2025-11-07 03:04:45.460521,0.9374058673977084,66.26757950638807,9.857706482283493,1
2025-11-07 03:04:47.460521,1.0221749040086945,65.37679922515755,11.977634648540093,1
2025-11-07 03:04:49.460521,0.8770320212328281,68.35061644367289,12.080807901739165,0
2025-11-07 03:04:51.460521,1.0621655183053673,61.45339711249804,10.92165068346025,0
2025-11-07 03:04:53.460521,0.9380431923359598,68.97177509231652,11.691978214686422,0
2025-11-07 03:04:55.460521,0.700512688037309,65.51688871412121,11.733477685199663,0
2025-11-07 03:04:57.460521,1.0157742907765377,65.85552010269578,11.818686764825703,1
2025-11-07 03:04:59.460521,0.946203502025994,65.57048770926463,11.956904315405495,1
2025-11-07 03:05:01.460521,0.7459344287338631,67.47418733261568,11.505836316176989,1
2025-11-07 03:05:03.460521,0.8792802011527359,63.82473424289613,11.540514545248863,0
2025-11-07 03:05:05.460521,0.9217650084048091,66.60594521500653,11.931022962313735,1
2025-11-07 03:05:07.460521,0.9848566910865099,66.1482040734388,10.333549075790579,0
2025-11-07 03:05:09.460521,0.9239087843377743,66.06281532261302,11.43241642941562,0
2025-11-07 03:05:11.460521,0.757472599748011,63.978404526280094,10.705365267468984,0
2025-11-07 03:05:13.460521,1.055451634267719,66.12959989358389,12.093296922649461,0
2025-11-07 03:05:15.460521,0.9953376074542198,62.74026818531255,11.327909837832392,1
2025-11-07 03:05:17.460521,0.9214182895051244,62.06388670868597,11.73304878537875,1
2025-11-07 03:05:19.460521,0.9808677855331824,62.50604702902643,11.647620497795744,0
2025-11-07 03:05:21.460521,0.7893061815931314,68.35201145000863,11.599062878205462,1
2025-11-07 03:05:23.460521,0.8573419213459679,64.5019146035451,12.383088384454004,0
2025-11-07 03:05:25.460521,0.949025524628178,64.04591458984972,12.024425421800649,1
2025-11-07 03:05:27.460521,0.8506960650840331,62.80227237952953,12.992249205139483,0
2025-11-07 03:05:29.460521,0.8252564600318489,65.74197507328635,10.903044797697557,0
2025-11-07 03:05:31.460521,0.8933264137674343,65.67380708068258,11.785947409616698,0
2025-11-07 03:05:33.460521,0.8544760600969572,65.38167543962838,10.319995959398003,1
2025-11-07 03:05:35.460521,1.0241055279261908,65.46057614547163,11.62860279654227,0
2025-11-07 03:05:37.460521,1.0176737858474796,65.42391474804876,10.78782885240554,0
2025-11-07 03:05:39.460521,1.055593480701969,61.67202226486065,11.478030112603882,1
2025-11-07 03:05:41.460521,0.8794542277339131,65.14258872557001,11.408748349551628,1
2025-11-07 03:05:43.460521,0.9994687856002251,66.71465854561868,11.331747169533264,0
2025-11-07 03:05:45.460521,0.8445129963356869,67.9820500165609,11.246318639984219,0
2025-11-07 03:05:47.460521,1.0446048950974696,69.48826591077696,11.029015447353991,0
2025-11-07 03:05:49.460521,0.7934408281841913,65.64470593506263,11.276836432906254,0
2025-11-07 03:05:51.460521,0.707007552253196,64.43252105150343,11.657773318397561,0
2025-11-07 03:05:53.460521,0.7359681830597944,67.21033065457857,11.93365567601754,1
2025-11-07 03:05:55.460521,1.0208897443384986,65.34978187935454,11.243466005471909,1
2025-11-07 03:05:57.460521,0.9129991859318695,70.0752565688911,11.516488204175904,1
2025-11-07 03:05:59.460521,1.0806293272504932,64.52858826567567,11.251106383802028,1
2025-11-07 03:06:01.460521,0.9546463351132168,64.14126168485964,11.534577696660527,1
2025-11-07 03:06:03.460521,0.9445932768012932,61.12294901223115,11.437450884442665,1
2025-11-07 03:06:05.460521,0.9772638336838374,64.38288960833286,11.509442986689418,0
2025-11-07 03:06:07.460521,0.8892139169723142,64.58455305540663,10.99501962763315,0
2025-11-07 03:06:09.460521,0.9416661873170922,65.27795286236501,11.751946869883398,0
2025-11-07 03:06:11.460521,0.8942290821541045,65.80943593143624,12.493859201743533,1
2025-11-07 03:06:13.460521,0.7941097749600111,61.48821945098429,10.992171707551885,0
2025-11-07 03:06:15.460521,0.8202730537252731,61.414365567345456,11.459156987411836,1
2025-11-07 03:06:17.460521,0.894915955107029,70.16921774607175,11.64262604251502,0
2025-11-07 03:06:19.460521,1.015754962637486,64.84547048269943,11.186510715922482,1
2025-11-07 03:06:21.460521,0.8422422564207337,65.8556735982822,10.972546253757248,0
2025-11-07 03:06:23.460521,0.9155116171916803,62.54990241411447,11.266663885443432,1
2025-11-07 03:06:25.460521,0.769095590518657,59.752386203973785,12.085908150239467,0
2025-11-07 03:06:27.460521,1.0434087765070004,65.72303530366818,11.943720737327643,0
2025-11-07 03:06:29.460521,1.0245660672828327,68.41641276608802,11.279759389391,0
2025-11-07 03:06:31.460521,1.0948721667489387,64.62606547218274,11.876009910442951,0
2025-11-07 03:06:33.460521,0.9485267094542,67.3038202121045,12.028098824557228,0
2025-11-07 03:06:35.460521,0.8884866430390748,64.00271543753465,10.560902625251938,1
2025-11-07 03:06:37.460521,0.8804644163842842,59.45450957981463,11.126231792151062,0
2025-11-07 03:06:39.460521,0.861495433982798,67.06891734008535,11.598118933243475,0
2025-11-07 03:06:41.460521,0.7358979897383389,64.56713242051927,11.154266619840742,1
2025-11-07 03:06:43.460521,1.0133208795025375,65.01839045538522,12.592041267159859,0
2025-11-07 03:06:45.460521,0.8698959443152549,59.2718566094587,11.656074509871473,0
2025-11-07 03:06:47.460521,0.856640192319522,66.85998647124353,11.696777095631544,1
2025-11-07 03:06:49.460521,0.9804470735469948,62.98671195746199,11.020817449771071,0
2025-11-07 03:06:51.460521,0.8597265841546518,69.42435233441748,11.820912798940698,0
2025-11-07 03:06:53.460521,0.9920181964696647,62.99531900580921,11.378269092391184,0
2025-11-07 03:06:55.460521,0.841518261077623,64.26283313231959,11.614766228638212,1
2025-11-07 03:06:57.460521,0.9252341229402709,64.80234061420639,11.799470182551053,0
2025-11-07 03:06:59.460521,0.8371323617514691,64.88599955146107,10.34346305387911,0
2025-11-07 03:07:01.460521,0.6920133463935396,58.708287049899006,11.852904331385986,1
2025-11-07 03:07:03.460521,0.9660502435191338,60.77713936887794,11.649559160183241,0
2025-11-07 03:07:05.460521,1.1659692371760775,63.3942363741635,10.409645064569462,0
2025-11-07 03:07:07.460521,0.7959793014180355,68.90030084360521,12.281089773194157,1
2025-11-07 03:07:09.460521,0.9968561875839388,70.31767395580955,11.907238971331354,1
2025-11-07 03:07:11.460521,0.8418085822103625,63.50555746418653,11.120599389624191,1
2025-11-07 03:07:13.460521,1.0489093036965356,65.64597142938062,10.599701632691156,1
2025-11-07 03:07:15.460521,0.842375985910709,65.1128388314323,11.556349233229223,0
2025-11-07 03:07:17.460521,1.0094720225433318,63.97556785555052,10.38513226673795,0
2025-11-07 03:07:19.460521,0.7851848997535895,69.30172787998698,11.20614002667859,1
2025-11-07 03:07:21.460521,1.0147032270563885,66.24186069994016,11.409662450862024,0
2025-11-07 03:07:23.460521,0.6854557189964215,67.28164627252744,11.747092043881278,0
2025-11-07 03:07:25.460521,0.9073606594661038,65.262578955074,11.553738393439708,1
2025-11-07 03:07:27.460521,0.94573445188653,66.64379010435327,11.24704244614391,0
2025-11-07 03:07:29.460521,0.8262069990651859,65.00891581529694,10.932058807550263,1
2025-11-07 03:07:31.460521,0.8906099631683098,67.23673665103644,12.341714621273358,0
2025-11-07 03:07:33.460521,0.8216677403418083,66.1592548369411,10.95297828835987,1
2025-11-07 03:07:35.460521,0.9090086256647744,62.474648488078344,12.089352236401648,1
2025-11-07 03:07:37.460521,0.8991029743634318,67.7305470052197,11.723861097864301,1
2025-11-07 03:07:39.460521,0.7903329359826244,65.48011449377302,11.647433880240563,0
2025-11-07 03:07:41.460521,0.8431488287430031,60.636195626806895,11.11920375544454,0
2025-11-07 03:07:43.460521,0.9990080789087444,62.58295493870939,11.613844018637998,0
2025-11-07 03:07:45.460521,0.9633924360690828,66.15967166532087,11.437472987140994,0
2025-11-07 03:07:47.460521,1.0202234444573939,71.13964431706326,10.779849142755058,0
2025-11-07 03:07:49.460521,0.9213931729660162,63.194331901839305,11.274736840838589,0
2025-11-07 03:07:51.460521,0.9544449213639034,61.952119834572855,12.324011178777335,0
2025-11-07 03:07:53.460521,0.8497560429461066,62.206764021708416,11.375723158996363,1
2025-11-07 03:07:55.460521,0.8750307427249272,67.39037352014262,11.137433314871243,1
2025-11-07 03:07:57.460521,0.9347491555593135,63.383781620203564,10.94453007376262,0
2025-11-07 03:07:59.460521,0.7951868168194882,62.999698673982145,10.932004488240132,0
2025-11-07 03:08:01.460521,0.8364119744672965,63.47107723978363,11.017848726278265,1
2025-11-07 03:08:03.460521,0.8637270012081074,60.15150282850388,11.361746452448434,0
2025-11-07 03:08:05.460521,0.7662793724806366,64.14649376196306,12.071121200924777,1
2025-11-07 03:08:07.460521,0.9427014926501426,63.6141813022155,10.977921693321607,0
2025-11-07 03:08:09.460521,0.8068487884268393,65.70194781737217,11.372064520409717,1
2025-11-07 03:08:11.460521,0.9790856737743387,63.698840804254836,12.122778332382799,1
2025-11-07 03:08:13.460521,0.8344625654960035,62.837496769930716,11.243451711083745,0
2025-11-07 03:08:15.460521,0.8656439813474561,67.07957531369885,10.227141281476642,1
2025-11-07 03:08:17.460521,0.8652192566932981,61.24530483988551,11.908962783724771,1
2025-11-07 03:08:19.460521,0.9699462488560836,63.263814843717945,11.951822881028626,0
2025-11-07 03:08:21.460521,0.8802155514631018,62.097792507759465,11.801331052435842,1
2025-11-07 03:08:23.460521,0.8174751944405113,62.64452504593238,11.588346878915333,1
2025-11-07 03:08:25.460521,0.9882994278424666,68.03088639757412,11.19820280439457,0
2025-11-07 03:08:27.460521,0.9153811116894325,66.78292083565519,11.810003247902758,0
2025-11-07 03:08:29.460521,0.7646959021152173,67.35543599125799,10.354026680806909,1
2025-11-07 03:08:31.460521,0.9441387393521071,63.69995990297328,10.774823101370707,0
2025-11-07 03:08:33.460521,0.9266470590192115,66.25435767690823,10.935955356818429,0
2025-11-07 03:08:35.460521,0.9676640010632269,66.21632454631279,11.422383184945167,0
2025-11-07 03:08:37.460521,0.821769492089282,66.63297681690105,11.40520257825934,1
2025-11-07 03:08:39.460521,0.9340987490313387,70.10429659700118,10.757990292754362,0
2025-11-07 03:08:41.460521,0.9725597712488875,68.90251023271864,11.788403805740026,0
2025-11-07 03:08:43.460521,0.7824844339201421,64.28076903512182,11.013196966416219,1
2025-11-07 03:08:45.460521,0.7444949262262783,65.4861631372968,11.7884818626823,0
2025-11-07 03:08:47.460521,0.9057333733403895,69.8112127892139,11.654190242028353,0
2025-11-07 03:08:49.460521,0.8473529526224746,63.215766818548374,11.61312270396121,1
2025-11-07 03:08:51.460521,0.8605563559966256,61.81699792453908,11.898599012280663,0
2025-11-07 03:08:53.460521,1.0265500084144528,65.36375062389425,11.276540111773132,1
2025-11-07 03:08:55.460521,0.8456042844322459,64.2677943646128,12.51452779551357,1
2025-11-07 03:08:57.460521,1.0046153636537434,69.72242454888814,11.155931380106939,0
2025-11-07 03:08:59.460521,0.8310464420644126,66.74694899904941,11.59333397210809,0
2025-11-07 03:09:01.460521,0.8775007094017577,63.252207087436105,10.816201537355713,0
2025-11-07 03:09:03.460521,0.988845966774119,65.72311023366419,10.948551901821958,0
2025-11-07 03:09:05.460521,0.9563542127882162,66.38387506081489,11.16223895719779,0
2025-11-07 03:09:07.460521,1.0263007085054783,69.62830980646974,11.514343871469036,0
2025-11-07 03:09:09.460521,0.6827580987670246,62.70236108495796,11.410702232040892,0
2025-11-07 03:09:11.460521,0.8559545565584182,68.6815047172266,10.594699730199087,0
2025-11-07 03:09:13.460521,0.8695620067827932,66.00159606744727,11.325518550932069,1
2025-11-07 03:09:15.460521,0.9249337920450216,68.00195488700862,11.921138743176726,1
2025-11-07 03:09:17.460521,0.9031877742760386,64.77318309271092,11.859997109277096,0
2025-11-07 03:09:19.460521,0.9613678597111949,66.53820220074327,11.627949815831075,0
2025-11-07 03:09:21.460521,0.8234828156300058,63.46473114985623,11.14481354297091,1
2025-11-07 03:09:23.460521,0.9497258703759938,65.04893763621371,11.441680793175424,0
2025-11-07 03:09:25.460521,1.072512868071855,65.4067497882432,11.979082953176237,0
2025-11-07 03:09:27.460521,0.9417349816678089,65.69690883238432,12.48318822199538,0
2025-11-07 03:09:29.460521,0.9955014420505512,66.59296556744565,11.284145220012078,0
2025-11-07 03:09:31.460521,0.9120970274143702,67.14974084046877,11.11745320709461,0
2025-11-07 03:09:33.460521,1.0367894914943567,70.32800466032268,11.497006853531554,1
2025-11-07 03:09:35.460521,0.8740874580228399,62.025211006128295,10.557203952177092,1
2025-11-07 03:09:37.460521,0.8756565260669389,64.42780271470552,11.224068311984782,0
2025-11-07 03:09:39.460521,0.9634414337523117,65.66006540504905,12.368271443505874,0
2025-11-07 03:09:41.460521,0.9514604854068504,67.43520947892354,11.217143798973686,0
2025-11-07 03:09:43.460521,1.0120353982532242,64.8804257434757,12.352473072783278,1
2025-11-07 03:09:45.460521,0.8929025201979539,62.8527810167982,10.90627766396531,1
2025-11-07 03:09:47.460521,0.9124582783967256,63.88469530691194,11.87522388534996,0
2025-11-07 03:09:49.460521,0.8637866333011325,63.34285844346772,11.025766450644815,1
2025-11-07 03:09:51.460521,0.785208432958078,67.58586627693668,11.516819595735647,0
2025-11-07 03:09:53.460521,0.8478040168477763,64.25232454605178,11.680010168443072,0
2025-11-07 03:09:55.460521,0.7936402527053235,65.91083673153534,11.25963558691875,0
2025-11-07 03:09:57.460521,0.9652227112223731,67.02910283084974,10.429140288150219,0
2025-11-07 03:09:59.460521,1.0450846285716238,65.80325766192847,12.101803332074256,0
2025-11-07 03:10:01.460521,1.0713960718438649,64.48680091497422,11.560489370206119,0
2025-11-07 03:10:03.460521,0.7297122052830362,69.79369094302916,11.726682157249206,1
2025-11-07 03:10:05.460521,0.8980338034845472,68.80657017331941,11.597058457090519,0
2025-11-07 03:10:07.460521,0.9314108508001829,66.34896473959881,10.376515041148606,1
2025-11-07 03:10:09.460521,0.8337097243174281,66.1651357288799,11.878826877054713,0
2025-11-07 03:10:11.460521,0.977938537050203,61.45619218743237,11.794428424476413,1
2025-11-07 03:10:13.460521,0.9448041481371964,63.432296243496666,12.06911972371345,1
2025-11-07 03:10:15.460521,0.8302326195409959,67.59701701353963,11.130932384832619,0
2025-11-07 03:10:17.460521,1.048420843713384,66.5686491603724,10.284818683914114,0
2025-11-07 03:10:19.460521,0.9423961577580402,71.65496814724314,11.156626634431367,0
2025-11-07 03:10:21.460521,0.866261532783563,66.16222057374435,10.260429660487848,1
2025-11-07 03:10:23.460521,0.8750753150552949,67.84338072959814,11.543259126795549,1
2025-11-07 03:10:25.460521,0.7018144907391743,70.37019104381628,11.048901843565721,1
2025-11-07 03:10:27.460521,1.0096505936136446,65.6450510006275,12.10071712411272,0
2025-11-07 03:10:29.460521,0.7778198884785908,65.48403649757596,11.279399256324206,0
2025-11-07 03:10:31.460521,1.0662452488646197,67.39927953777246,12.046576865824541,0
2025-11-07 03:10:33.460521,0.8907247048582433,63.746580518642055,11.77905211992755,0
2025-11-07 03:10:35.460521,0.7940594892311253,68.1092787861601,11.612674041678767,0
2025-11-07 03:10:37.460521,0.8964022555853807,69.61295040685567,11.55400414024367,0
2025-11-07 03:10:39.460521,0.8920232941772173,69.30950479025054,11.41766622770273,1
2025-11-07 03:10:41.460521,0.8884248133872891,65.38873273523845,11.54392637858573,1
2025-11-07 03:10:43.460521,0.8560318724056459,62.151294116921754,11.403358543073496,0
2025-11-07 03:10:45.460521,0.7578930356862837,61.307310194216406,11.399743216311794,1
2025-11-07 03:10:47.460521,1.009541796925999,65.31272532280374,11.732770243224383,0
2025-11-07 03:10:49.460521,0.7733132198112919,69.17133993800454,11.24734783054009,0
2025-11-07 03:10:51.460521,0.9638899381869103,64.03813674554615,11.103631181857688,1
2025-11-07 03:10:53.460521,1.0000699554406551,63.55677685246155,11.634805072033547,0
2025-11-07 03:10:55.460521,0.8639708540178328,68.42721156131887,11.745089376782133,0
2025-11-07 03:10:57.460521,0.9538040589422216,61.232064078844374,11.995431488309146,0
2025-11-07 03:10:59.460521,0.7467311337057281,68.69034365534057,11.902696392587913,1
2025-11-07 03:11:01.460521,1.0107250570009936,63.7703451444174,11.010886215535956,0
2025-11-07 03:11:03.460521,0.9788565483840311,68.64126551614784,11.593590890842252,1
2025-11-07 03:11:05.460521,0.9324197848352113,64.7608986223121,11.601869302468378,0
2025-11-07 03:11:07.460521,0.9163859656280466,63.806428277621634,11.154583091049986,1
2025-11-07 03:11:09.460521,1.0700697957305412,61.03557952581477,11.238094344898174,1
2025-11-07 03:11:11.460521,0.8697681975627825,63.725211317919104,11.961508338104688,0
2025-11-07 03:11:13.460521,1.021826952028427,67.31621640850958,12.04402645103356,1
2025-11-07 03:11:15.460521,0.8296486902059614,64.7167097256417,11.118028292611418,0
2025-11-07 03:11:17.460521,0.9336346308860896,62.96913233320685,11.365156812006095,0
2025-11-07 03:11:19.460521,0.8977697605982978,66.3733935464787,11.66042773080816,0
2025-11-07 03:11:21.460521,0.7772877073897895,63.215918096523886,12.610365806715672,0
2025-11-07 03:11:23.460521,0.8717596324109521,66.31937027503467,12.198051365783241,0
2025-11-07 03:11:25.460521,0.8400442180127969,64.51085728105393,11.13601274880311,1
2025-11-07 03:11:27.460521,0.9159261123151536,65.85052655205861,10.652975959863094,1
2025-11-07 03:11:29.460521,0.776319488926864,63.56412497635351,11.480186665138744,1
2025-11-07 03:11:31.460521,0.9718119500464566,64.46058809047915,11.638686875067219,1
2025-11-07 03:11:33.460521,0.7685244625539153,61.07206030085868,11.972269746722963,1
2025-11-07 03:11:35.460521,0.7856132182389166,67.76330092542266,12.009598332042165,0
2025-11-07 03:11:37.460521,1.0278748482914801,65.10928134597557,11.780355361342536,0
2025-11-07 03:11:39.460521,0.7069027196824297,63.27571870323538,11.012541493660082,0
2025-11-07 03:11:41.460521,0.9431980932521795,66.05789018878421,11.645222767875577,0
2025-11-07 03:11:43.460521,1.0965783468943917,67.89205515468242,11.02613202006319,0
2025-11-07 03:11:45.460521,0.7301390760463159,66.0579404554127,11.546961507547394,0
2025-11-07 03:11:47.460521,0.9851765092523556,60.469063201127966,11.550849313617963,1
2025-11-07 03:11:49.460521,0.6695473661405288,68.04645141625977,11.257556926453521,0
2025-11-07 03:11:51.460521,0.8917113591800975,63.99063455739707,11.155840287555735,0
2025-11-07 03:11:53.460521,0.8945260074170084,67.57988007858583,11.102484498693686,1
2025-11-07 03:11:55.460521,0.8537835093342311,66.83463636686662,11.648099135010577,0
2025-11-07 03:11:57.460521,0.9001751851976534,65.80972398857062,11.011288920978272,1
2025-11-07 03:11:59.460521,0.7980909515446228,62.25831844309032,11.737110746233924,0
2025-11-07 03:12:01.460521,0.9848403672372007,59.86443582343908,11.59333618282509,0
2025-11-07 03:12:03.460521,0.935954914316426,61.91097826900012,10.92897100152606,1
2025-11-07 03:12:05.460521,0.8810236480730317,65.26434562168754,11.751677034329159,0
2025-11-07 03:12:07.460521,0.8623309038899679,65.17632047627603,11.60268606231879,0
