timestamp,vibration,temperature,current,fault
2025-11-07 02:32:49.706333,0.3560933861312152,45.816162317625256,7.647431696910475,0
2025-11-07 02:32:51.706333,0.4626318142452533,43.74850968257272,8.527859443521313,0
2025-11-07 02:32:53.706333,0.32569872822821183,47.37332436252165,8.183528174500717,0
2025-11-07 02:32:55.706333,0.3561683347617199,46.8687978285365,8.129716168234475,0
2025-11-07 02:32:57.706333,0.34095805230683957,46.31018843048111,8.004402991321246,0
2025-11-07 02:32:59.706333,0.37986235374952937,45.713121382160644,8.293912300825168,0
2025-11-07 02:33:01.706333,0.4245949626786357,46.127303011400556,7.625021160907608,0
2025-11-07 02:33:03.706333,0.37805835984775804,42.765654714540965,7.682571446414698,0
2025-11-07 02:33:05.706333,0.40831040752791703,47.370391253865314,7.772750459080994,0
2025-11-07 02:33:07.706333,0.41362657375308415,44.37012613268286,8.056319101418984,0
2025-11-07 02:33:09.706333,0.4208303020642968,43.58972149533838,8.005172705636625,0
2025-11-07 02:33:11.706333,0.4238013572696814,44.498704695891774,8.151487191498576,0
2025-11-07 02:33:13.706333,0.35695698173361207,44.704137009340336,7.594789734726258,0
2025-11-07 02:33:15.706333,0.38173115715007927,46.673002426482554,8.534939158212657,0
2025-11-07 02:33:17.706333,0.3902324382504847,43.080233206090845,7.851009649041209,0
2025-11-07 02:33:19.706333,0.37854328112844243,43.83788939301022,8.12339870906834,0
2025-11-07 02:33:21.706333,0.41512667417882315,45.16478247768274,7.78390105225358,0
2025-11-07 02:33:23.706333,0.33711375920747355,42.83676633878937,8.539056269974244,0
2025-11-07 02:33:25.706333,0.37356003178309877,43.710916179984515,8.456582777168803,0
2025-11-07 02:33:27.706333,0.3808746846429229,47.734727893154094,7.609912318478827,0
2025-11-07 02:33:29.706333,0.3906426584450975,45.79629422059002,8.089059170325415,0
2025-11-07 02:33:31.706333,0.37257351443001163,46.37725772457486,7.6388979515812725,0
2025-11-07 02:33:33.706333,0.31991663609490395,43.05217018025775,8.099821667591865,0
2025-11-07 02:33:35.706333,0.3528840179921205,45.195120975074246,8.096816154137908,0
2025-11-07 02:33:37.706333,0.4656278124264272,45.9750713588003,8.391822806178803,0
2025-11-07 02:33:39.706333,0.4207232884552049,45.70596463379225,8.129354613781175,0
2025-11-07 02:33:41.706333,0.45888753186932574,43.01877696493928,7.961054030668538,0
2025-11-07 02:33:43.706333,0.46344058926927456,48.71542200810538,7.871016291788792,0
2025-11-07 02:33:45.706333,0.3370643698532975,46.77135133591236,8.388746807772256,0
2025-11-07 02:33:47.706333,0.3965082831039635,46.64720706997838,7.844165165756222,0
2025-11-07 02:33:49.706333,0.4792576977808358,44.58253607759319,8.014228507547866,0
2025-11-07 02:33:51.706333,0.420744681122732,43.49973558968258,8.054772688066782,0
2025-11-07 02:33:53.706333,0.4351412299427709,47.704562129367616,7.969884678003815,0
2025-11-07 02:33:55.706333,0.4197805182279795,44.41553096174201,8.61348108470271,0
2025-11-07 02:33:57.706333,0.40631094103534066,45.88235071062857,8.775534040961091,0
2025-11-07 02:33:59.706333,0.3429322820946132,46.239021009741805,7.85161970919101,0
2025-11-07 02:34:01.706333,0.4412252992717805,46.01537007831585,8.063190097770939,0
2025-11-07 02:34:03.706333,0.33374291727762473,44.266663233474496,8.621153508528106,0
2025-11-07 02:34:05.706333,0.3584164618896848,44.916638639423574,8.034014925812269,0
2025-11-07 02:34:07.706333,0.5215712438242562,46.761929051989405,8.209220902148076,0
2025-11-07 02:34:09.706333,0.4419862883133066,45.986049925839254,8.414596983412226,0
2025-11-07 02:34:11.706333,0.3877297596669651,44.418788774915264,8.177009977751657,0
2025-11-07 02:34:13.706333,0.3710703795868227,46.30153518851203,7.749089396677707,0
2025-11-07 02:34:15.706333,0.4603241706519227,46.099188151849006,8.028913200226516,0
2025-11-07 02:34:17.706333,0.40036243671409155,44.354748767979906,7.470927580541469,0
2025-11-07 02:34:19.706333,0.448604140710051,45.067488023101454,7.998630675390659,0
2025-11-07 02:34:21.706333,0.46492682824712417,44.772829340794395,8.231938765301663,0
2025-11-07 02:34:23.706333,0.46442532590841273,45.58574484305272,7.92011806080047,0
2025-11-07 02:34:25.706333,0.4624197761481117,45.60457099855494,7.793603711673016,0
2025-11-07 02:34:27.706333,0.4231809396450835,42.81160358704524,8.226615293030198,0
2025-11-07 02:34:29.706333,0.5095803227381297,43.19854306662549,7.384428766351099,0
2025-11-07 02:34:31.706333,0.41835407293430305,44.661420509050245,7.829687739783794,0
2025-11-07 02:34:33.706333,0.38434398075114995,46.83110958064368,8.116433361939624,0
2025-11-07 02:34:35.706333,0.36986576275892113,44.288329125716146,7.949634754743557,0
2025-11-07 02:34:37.706333,0.3545141905983932,43.52148596020742,8.28407602893503,0
2025-11-07 02:34:39.706333,0.5042773567461961,44.92025441365015,8.075965641735362,0
2025-11-07 02:34:41.706333,0.3943474406946827,44.3605251074096,8.001857440518656,0
2025-11-07 02:34:43.706333,0.37451135915744704,45.88978762235057,7.868409177526636,0
2025-11-07 02:34:45.706333,0.3205662636673478,46.38171328992058,7.882220669274287,0
2025-11-07 02:34:47.706333,0.37666995824241556,45.44905611470803,8.248049527265374,0
2025-11-07 02:34:49.706333,0.3997803303545897,45.41558390532229,8.042727191155958,0
2025-11-07 02:34:51.706333,0.39003612001373367,44.75649512734314,7.5996421273419195,0
2025-11-07 02:34:53.706333,0.4078236345497579,42.88348100204128,8.295709157359742,0
2025-11-07 02:34:55.706333,0.40023368135980497,46.88810259366854,7.348014596542162,0
2025-11-07 02:34:57.706333,0.35304781889808107,42.33018675897117,8.422836161998585,0
2025-11-07 02:34:59.706333,0.46061486369593363,43.29889559947468,8.474828642498263,0
2025-11-07 02:35:01.706333,0.32579597737405985,47.39373642374554,7.811525185313944,0
2025-11-07 02:35:03.706333,0.388551248148456,46.43393945475986,7.711132969526856,0
2025-11-07 02:35:05.706333,0.45922200161952037,45.37872562133798,8.475196138362493,0
2025-11-07 02:35:07.706333,0.38137343558069053,44.120261639530526,7.630122728059542,0
2025-11-07 02:35:09.706333,0.44469213248297507,45.45176657331908,7.933690835856271,0
2025-11-07 02:35:11.706333,0.3754876574319255,42.83604450132053,7.995353243522146,0
2025-11-07 02:35:13.706333,0.29377531403288276,49.481749082468355,7.281371296522062,0
2025-11-07 02:35:15.706333,0.3644434026216229,43.48020086907982,7.83229518684821,0
2025-11-07 02:35:17.706333,0.3711301536827491,44.888086472406826,7.527213074897072,0
2025-11-07 02:35:19.706333,0.3443655496827377,45.971165753953024,8.210712845183016,0
2025-11-07 02:35:21.706333,0.3615899127615694,45.249914930770224,8.343222032415403,0
2025-11-07 02:35:23.706333,0.4633492447354988,46.683206597483256,8.169654794711903,0
2025-11-07 02:35:25.706333,0.42533724818615515,44.284197710725735,7.9158540280581215,0
2025-11-07 02:35:27.706333,0.44180953230081366,46.098057571553184,8.485699518621928,0
2025-11-07 02:35:29.706333,0.4112689255615042,47.92735769432915,7.937270673031314,0
2025-11-07 02:35:31.706333,0.4233736482634195,41.887559842922094,7.673423952573621,0
2025-11-07 02:35:33.706333,0.41777040627503426,41.321862247111525,7.6163890355757236,0
2025-11-07 02:35:35.706333,0.44160786896603454,43.57735468081486,7.709830872112768,0
2025-11-07 02:35:37.706333,0.39992239592084833,44.61249405665172,8.111046741250943,0
2025-11-07 02:35:39.706333,0.4188924530894385,43.2928726923555,7.975929611872074,0
2025-11-07 02:35:41.706333,0.3089770246989137,44.8505505037571,7.62104830677486,0
2025-11-07 02:35:43.706333,0.38291233902417743,44.168098351619356,7.909427079159097,0
2025-11-07 02:35:45.706333,0.44890990964611927,45.162503290162206,8.572254084616477,0
2025-11-07 02:35:47.706333,0.47463761702575497,44.718206594259165,8.079556263242795,0
2025-11-07 02:35:49.706333,0.32126561267804926,45.18638187040411,7.749367075388904,0
2025-11-07 02:35:51.706333,0.3809607538065899,43.15788761011621,7.84367603681391,0
2025-11-07 02:35:53.706333,0.3226294833189574,43.58386912889832,8.349707201803511,0
2025-11-07 02:35:55.706333,0.3750469311156216,42.47536051200205,7.98571516758593,0
2025-11-07 02:35:57.706333,0.48289025430600757,41.26745398562723,8.126045743914043,0
2025-11-07 02:35:59.706333,0.4478874801915572,44.29615890271093,8.21061822700953,0
2025-11-07 02:36:01.706333,0.3908350204498412,45.491013408135835,8.149054862041364,0
2025-11-07 02:36:03.706333,0.31716642713731974,44.17211117867416,7.54468032909379,0
2025-11-07 02:36:05.706333,0.4152139056393208,44.13649856872181,7.497511626374431,0
2025-11-07 02:36:07.706333,0.3521413698372683,43.81428218658035,8.336672916678115,0
2025-11-07 02:36:09.706333,0.41725192253166393,43.817660022506836,7.7122601867473835,0
2025-11-07 02:36:11.706333,0.4099822235164048,45.691761484023225,7.799818754886074,0
2025-11-07 02:36:13.706333,0.41317559496862677,43.84334692657909,7.859534053793294,0
2025-11-07 02:36:15.706333,0.45476566469990165,44.96548471750404,7.9862421541704025,0
2025-11-07 02:36:17.706333,0.38559618398728285,46.73721367226231,7.318222842962279,0
2025-11-07 02:36:19.706333,0.3861178443773792,41.533094953627476,8.118726433185097,0
2025-11-07 02:36:21.706333,0.38348266109905893,43.81068520567612,7.858971991211534,0
2025-11-07 02:36:23.706333,0.41259324536843556,45.10962336457317,7.953548866812624,0
2025-11-07 02:36:25.706333,0.37040730933713023,43.054842926214796,8.158398026775211,0
2025-11-07 02:36:27.706333,0.48546525979748084,42.55167366545988,8.274206856538557,0
2025-11-07 02:36:29.706333,0.3957746924159167,43.12310516580079,8.342039637933667,0
2025-11-07 02:36:31.706333,0.3986323299820745,47.93846037850287,8.121114933960461,0
2025-11-07 02:36:33.706333,0.5479682218738611,45.97417455380112,7.767932830971804,0
2025-11-07 02:36:35.706333,0.427283305677813,44.771942558517445,8.24939271169062,0
2025-11-07 02:36:37.706333,0.389310679756742,45.251848930374706,8.454263882146513,0
2025-11-07 02:36:39.706333,0.4535945092341193,46.60743339993854,8.299811614359259,0
2025-11-07 02:36:41.706333,0.434397377439632,46.86659167212455,7.887700533397199,0
2025-11-07 02:36:43.706333,0.311031406281735,46.462721265257066,7.990662355383103,0
2025-11-07 02:36:45.706333,0.31337322791934413,44.52816201143216,8.242447033726723,0
2025-11-07 02:36:47.706333,0.33237932773828616,47.95629965967922,7.627753358835444,0
2025-11-07 02:36:49.706333,0.3800684055499683,45.756623287115104,7.926452818038495,0
2025-11-07 02:36:51.706333,0.32374594831906306,45.447490253246976,8.654001041174276,0
2025-11-07 02:36:53.706333,0.30468992065705014,47.014637631356344,8.067387327814012,0
2025-11-07 02:36:55.706333,0.322194426667619,47.613088782261606,8.114938304837702,0
2025-11-07 02:36:57.706333,0.40577898499483306,43.18573568910399,7.975669600880722,0
2025-11-07 02:36:59.706333,0.40988123547891325,44.49051986133669,8.093113290105109,0
2025-11-07 02:37:01.706333,0.3916646311773596,44.24891129549619,7.875216780823236,0
2025-11-07 02:37:03.706333,0.4113989620926189,45.26419744403593,7.521790088965175,0
2025-11-07 02:37:05.706333,0.45395282018594696,43.44042445503882,7.916533794323969,0
2025-11-07 02:37:07.706333,0.46863502479898267,42.35471292576185,8.144607968318542,0
2025-11-07 02:37:09.706333,0.49274808165801226,46.70747132639007,8.926088162440088,0
2025-11-07 02:37:11.706333,0.4372556639705925,43.93484776315731,7.9415320232858475,0
2025-11-07 02:37:13.706333,0.42142125009485004,41.6010049304874,8.163424969065737,0
2025-11-07 02:37:15.706333,0.4101766536659123,45.21565438034598,8.170857275867535,0
2025-11-07 02:37:17.706333,0.2645026246513839,45.75993767092344,8.36662915169974,0
2025-11-07 02:37:19.706333,0.4127412948894689,46.03276464908482,7.646711651652998,0
2025-11-07 02:37:21.706333,0.458405007292999,45.93060445272918,8.171806982193973,0
2025-11-07 02:37:23.706333,0.3377577170673304,45.17374557148194,8.279286480607222,0
2025-11-07 02:37:25.706333,0.3858246583196283,40.19070595495474,8.135986814925769,0
2025-11-07 02:37:27.706333,0.433930352082282,44.53455645575185,8.029650306652197,0
2025-11-07 02:37:29.706333,0.348414728926382,43.757967757258875,8.275799546649921,0
2025-11-07 02:37:31.706333,0.3509865474553107,45.483474522296035,7.643855843824368,0
2025-11-07 02:37:33.706333,0.35918375461048674,47.28950078665819,8.187225983668187,0
2025-11-07 02:37:35.706333,0.5224919284614561,44.997282331044374,7.675074702904185,0
2025-11-07 02:37:37.706333,0.3718104800819613,42.24956215474804,7.94748952137842,0
2025-11-07 02:37:39.706333,0.3557164818994068,44.40021072194524,8.103728747384551,0
2025-11-07 02:37:41.706333,0.35153224576022724,43.390157149141416,8.057494167597575,0
2025-11-07 02:37:43.706333,0.4544715837428075,42.675477117739604,8.277513596660246,0
2025-11-07 02:37:45.706333,0.4068962153540543,43.8061116728622,8.063592708185187,0
2025-11-07 02:37:47.706333,0.3761378443329714,43.075590989603946,8.11725314390629,0
2025-11-07 02:37:49.706333,0.35233727280811317,43.749694005429554,8.391232386856396,0
2025-11-07 02:37:51.706333,0.4524072604245589,43.60501322005335,8.096944485417865,0
2025-11-07 02:37:53.706333,0.4303431499377566,44.91563994572865,7.6584423050526444,0
2025-11-07 02:37:55.706333,0.3755241848299182,44.18565165500126,7.875999298812842,0
2025-11-07 02:37:57.706333,0.3435718239887724,45.32128507276628,7.756785417214409,0
2025-11-07 02:37:59.706333,0.43493704092872254,45.542635955290315,7.984777533799005,0
2025-11-07 02:38:01.706333,0.5114780337378485,45.91009493062526,8.13967268107808,0
2025-11-07 02:38:03.706333,0.4333203834312259,47.4335404981709,8.105421719414327,0
2025-11-07 02:38:05.706333,0.4694256416207626,42.17717052992693,7.310941812597838,0
2025-11-07 02:38:07.706333,0.37774418138128657,45.761399965225394,8.313882688947654,0
2025-11-07 02:38:09.706333,0.4495841862088137,43.232846005490565,8.189977962231346,0
2025-11-07 02:38:11.706333,0.37118996429209256,45.70296836405232,8.31923558886642,0
2025-11-07 02:38:13.706333,0.39594245391344984,45.5410001924661,7.880346594858294,0
2025-11-07 02:38:15.706333,0.45656440506118123,45.418647803000056,8.696333582699907,0
2025-11-07 02:38:17.706333,0.3925612624179333,45.496634849528576,8.108930601612215,0
2025-11-07 02:38:19.706333,0.4094352668493323,44.72594124519351,8.17184168892554,0
2025-11-07 02:38:21.706333,0.4589679267756067,44.6141527751179,7.970041350046173,0
2025-11-07 02:38:23.706333,0.3855806741876999,46.869176808300644,8.181056703117115,0
2025-11-07 02:38:25.706333,0.34614728694533775,45.12221214087317,8.159444056630244,0
2025-11-07 02:38:27.706333,0.44292471522829846,45.91917740886898,8.131902592475354,0
2025-11-07 02:38:29.706333,0.3530923632317059,44.891927108439724,8.087488346018837,0
2025-11-07 02:38:31.706333,0.37107022802940337,44.518110993211835,8.218407384104635,0
2025-11-07 02:38:33.706333,0.36722707442624625,42.9096225257,8.235483514930385,0
2025-11-07 02:38:35.706333,0.4178626344662776,49.1857935862408,8.081236141454267,0
2025-11-07 02:38:37.706333,0.3646037738110634,47.799753521460076,8.199049619153838,0
2025-11-07 02:38:39.706333,0.3835166814425653,43.48264925164866,7.454188185657802,0
2025-11-07 02:38:41.706333,0.43342026544899515,47.01186245376968,7.897670209679415,0
2025-11-07 02:38:43.706333,0.35181675594251827,44.303385886229854,7.737891250135385,0
2025-11-07 02:38:45.706333,0.43810661392698586,47.38743858169403,8.685272729378518,0
2025-11-07 02:38:47.706333,0.3450433700391407,46.983191356394364,8.379482891266125,0
2025-11-07 02:38:49.706333,0.4050169496354098,46.74278013675525,8.282024483240324,0
2025-11-07 02:38:51.706333,0.40360398959277466,45.6984805221841,7.586994192189833,0
2025-11-07 02:38:53.706333,0.39496563791943157,43.8333636325195,8.017529272282935,0
2025-11-07 02:38:55.706333,0.40544247611705025,46.2318797605512,8.18927178062452,0
2025-11-07 02:38:57.706333,0.45994992323745554,46.52850199559156,8.209368731780048,0
2025-11-07 02:38:59.706333,0.4458196152877186,45.56330704943547,7.451875016826752,0
2025-11-07 02:39:01.706333,0.41860291543440326,44.34081306407989,7.756381097111989,0
2025-11-07 02:39:03.706333,0.38411929444457416,42.99291333663245,7.732114584230731,0
2025-11-07 02:39:05.706333,0.355868433317219,42.80175811446102,7.6033735202414405,0
2025-11-07 02:39:07.706333,0.4387121412281039,45.64639991300925,8.51872138404774,0
2025-11-07 02:39:09.706333,0.37009303510325525,42.3213006875279,7.902122458293316,0
2025-11-07 02:39:11.706333,0.4404698073258084,43.132651577519056,8.081854491940277,0
2025-11-07 02:39:13.706333,0.411410479162109,45.299519738572826,7.526957406975981,0
2025-11-07 02:39:15.706333,0.3882217620130767,45.15103496778172,8.281076824597736,0
2025-11-07 02:39:17.706333,0.36787000362847616,45.04928634906371,8.308471089665248,0
2025-11-07 02:39:19.706333,0.367923479953866,45.39890936877738,8.166150237256268,0
2025-11-07 02:39:21.706333,0.3684732721727636,46.14249311567417,8.045771053944506,0
2025-11-07 02:39:23.706333,0.42284485760938506,46.501381673530815,7.967086850761309,0
2025-11-07 02:39:25.706333,0.3440365756505581,43.10579198518077,7.948617172707652,0
2025-11-07 02:39:27.706333,0.33238064347464297,44.25672535546381,8.409996873419201,0
2025-11-07 02:39:29.706333,0.45980542333300467,46.57864213787355,7.891409111383888,0
2025-11-07 02:39:31.706333,0.4762123582619894,42.25224616158953,8.436547611105498,0
2025-11-07 02:39:33.706333,0.28430866671188804,43.56317564279255,8.342818146847387,0
2025-11-07 02:39:35.706333,0.42893157240838287,42.997939381973204,8.15047963896764,0
2025-11-07 02:39:37.706333,0.43767105402459305,45.00818517497071,8.28336379127105,0
2025-11-07 02:39:39.706333,0.44172393457579245,45.15969523986207,8.133291537585206,0
2025-11-07 02:39:41.706333,0.47189478133849094,46.028499883377734,8.065255173327332,0
2025-11-07 02:39:43.706333,0.3521223903196096,44.96548476179197,8.089491787626573,0
2025-11-07 02:39:45.706333,0.41193891594693227,42.730060556629795,8.228926626473385,0
2025-11-07 02:39:47.706333,0.4114807976425543,43.20323131317042,8.27976685758541,0
2025-11-07 02:39:49.706333,0.3867786778569243,44.70154431855895,7.851468993483607,0
2025-11-07 02:39:51.706333,0.4462761495788999,44.663378042477824,7.502061601745941,0
2025-11-07 02:39:53.706333,0.33403270886959774,45.05488128546089,8.315613326441163,0
2025-11-07 02:39:55.706333,0.3589977737084007,43.432178289584385,7.424312499911027,0
2025-11-07 02:39:57.706333,0.3660941841520494,44.35443670232089,8.20860044310271,0
2025-11-07 02:39:59.706333,0.4610230986425653,44.556670175478025,7.932455797818504,0
2025-11-07 02:40:01.706333,0.42203625668063394,45.662796756380764,7.826941039311875,0
2025-11-07 02:40:03.706333,0.3423369630590572,45.592654966596776,7.970773807590006,0
2025-11-07 02:40:05.706333,0.49760665167719537,44.11766395416589,7.837169186511408,0
2025-11-07 02:40:07.706333,0.4419039716772575,44.057886452284464,8.254387876192855,0
2025-11-07 02:40:09.706333,0.3985443690942763,46.801286132610116,7.859982382617089,0
2025-11-07 02:40:11.706333,0.295640075999483,44.751315143805435,7.603738132101723,0
2025-11-07 02:40:13.706333,0.36542349779939237,45.498005361180546,8.04511672841236,0
2025-11-07 02:40:15.706333,0.4155916598160035,41.845594516373644,8.005615781094248,0
2025-11-07 02:40:17.706333,0.3300891393272247,46.57555796625188,7.896617415763855,0
2025-11-07 02:40:19.706333,0.4142872784061506,45.71943018503645,8.345509849549817,0
2025-11-07 02:40:21.706333,0.3778892553189548,45.02134767310694,7.897896401193979,0
2025-11-07 02:40:23.706333,0.3898608364333005,45.783036228388944,8.106145912295448,0
2025-11-07 02:40:25.706333,0.4940050725045481,45.485816798078034,8.004947425933574,0
2025-11-07 02:40:27.706333,0.4102190960431219,44.3986454364116,8.075236203774889,0
2025-11-07 02:40:29.706333,0.4716787561422119,46.04128642149018,7.46692716096398,0
2025-11-07 02:40:31.706333,0.41816084423371785,45.9487840422669,8.179727855231576,0
2025-11-07 02:40:33.706333,0.4690648776369967,45.9447509530577,7.601414216349333,0
2025-11-07 02:40:35.706333,0.32593841738296403,43.81651669717833,8.26422243068483,0
2025-11-07 02:40:37.706333,0.35001741204100056,45.4131142239497,8.266839675369367,0
2025-11-07 02:40:39.706333,0.4521503617513474,44.061276637731666,8.357068801508788,0
2025-11-07 02:40:41.706333,0.4325069336666907,46.98598265578402,7.7611439781175084,0
2025-11-07 02:40:43.706333,0.4161296254804038,45.00855776201985,7.857917653322297,0
2025-11-07 02:40:45.706333,0.4060949708648766,46.236118947853655,7.613949709011253,0
2025-11-07 02:40:47.706333,0.35525674870236335,47.65196467947241,8.300065437139736,0
2025-11-07 02:40:49.706333,0.34176680565737716,45.35719816233854,7.983180096694461,0
2025-11-07 02:40:51.706333,0.3544971767833703,44.88481120611051,7.787047946955392,0
2025-11-07 02:40:53.706333,0.3519551175976731,45.4520028852166,8.200525613866738,0
2025-11-07 02:40:55.706333,0.3673397638752449,44.861598277823205,7.724166183060125,0
2025-11-07 02:40:57.706333,0.41206076471593783,44.641961253967516,7.827040980629759,0
2025-11-07 02:40:59.706333,0.4086309047312034,43.664483643187914,8.162711337709826,0
2025-11-07 02:41:01.706333,0.3565694846207436,43.61765514347891,8.178435602226921,0
2025-11-07 02:41:03.706333,0.31618597863831793,42.974805909924406,8.617866309600446,0
2025-11-07 02:41:05.706333,0.32558396387989486,45.239406176868215,7.93198090388573,0
2025-11-07 02:41:07.706333,0.5414374083421815,43.17354895824596,7.991111937609466,0
2025-11-07 02:41:09.706333,0.4026587215003571,45.34477094887434,8.098598249919089,0
2025-11-07 02:41:11.706333,0.3822961938579533,47.03856675899237,7.648539345240313,0
2025-11-07 02:41:13.706333,0.46508852273127793,44.519405013853884,7.886144392959353,0
2025-11-07 02:41:15.706333,0.42202254359512287,43.757862326975896,7.935796725133178,0
2025-11-07 02:41:17.706333,0.3972555618620709,44.77246624528073,8.373413736560257,0
2025-11-07 02:41:19.706333,0.42977060402492623,43.4640004983672,8.363017913325681,0
2025-11-07 02:41:21.706333,0.4087418545289613,44.101570847610084,8.739393685610912,0
2025-11-07 02:41:23.706333,0.3581295339205849,45.70931329337499,8.31216411756895,0
2025-11-07 02:41:25.706333,0.40992133150105636,47.17004730609674,8.039412802252304,0
2025-11-07 02:41:27.706333,0.388116231894897,44.9856653654755,7.5308407452699,0
2025-11-07 02:41:29.706333,0.45458247496283194,46.54408751844855,8.285265667331533,0
2025-11-07 02:41:31.706333,0.3480906374160048,44.13867358980274,8.079803232243039,0
2025-11-07 02:41:33.706333,0.3293448212282865,45.12723351552863,7.8859101682156405,0
2025-11-07 02:41:35.706333,0.37230360900502013,43.928626619126604,7.607638824843138,0
2025-11-07 02:41:37.706333,0.3544942967803163,43.683187453933186,8.078354944058207,0
2025-11-07 02:41:39.706333,0.4855426478803869,46.16294120590239,8.133003263698694,0
2025-11-07 02:41:41.706333,0.3387354135212045,45.756443293333604,8.263886825205,0
2025-11-07 02:41:43.706333,0.4224150337503132,46.207184590907524,7.874862882972787,0
2025-11-07 02:41:45.706333,0.4068777611243696,47.00604273534099,7.602925721590418,0
2025-11-07 02:41:47.706333,0.47157738349846906,45.46565778058912,7.777962770581945,0
2025-11-07 02:41:49.706333,0.40606997410987733,45.33142052361773,7.637346815439245,0
2025-11-07 02:41:51.706333,0.3628879994042197,46.80336257274671,7.919867172911479,0
2025-11-07 02:41:53.706333,0.4451752567004839,47.188258427158424,8.154205731414903,0
2025-11-07 02:41:55.706333,0.387665372328675,47.04109395701736,8.679682006931495,0
2025-11-07 02:41:57.706333,0.43382531320432577,46.89709361365803,7.694341804998254,0
2025-11-07 02:41:59.706333,0.38836534342839096,43.27146226911669,7.787316623893661,0
2025-11-07 02:42:01.706333,0.4005638187691905,44.548954497832284,8.33371945442844,0
2025-11-07 02:42:03.706333,0.38070585853264705,44.27225150481803,8.118548631464142,0
2025-11-07 02:42:05.706333,0.409541359337455,46.00835669152296,7.97368694735742,0
2025-11-07 02:42:07.706333,0.42447165632152606,45.52651466165897,8.075560621744692,0
2025-11-07 02:42:09.706333,0.4276632958306701,44.04106785886709,8.414969609787883,0
2025-11-07 02:42:11.706333,0.39317682651557706,45.76948613120866,7.554204953157019,0
2025-11-07 02:42:13.706333,0.4072768338676053,44.028697170276985,8.033018493053477,0
2025-11-07 02:42:15.706333,0.356479615507933,44.99763670264071,8.321273564626004,0
2025-11-07 02:42:17.706333,0.45192901923591156,47.0233207241645,7.934216459366846,0
2025-11-07 02:42:19.706333,0.4799637415240873,45.7171869305177,8.396810199903,0
2025-11-07 02:42:21.706333,0.398114041778018,46.070386755368126,7.810341190791161,0
2025-11-07 02:42:23.706333,0.30758921022879104,46.44521211814012,8.35737512434886,0
2025-11-07 02:42:25.706333,0.4447964265592997,43.40196671492689,8.395911182860104,0
2025-11-07 02:42:27.706333,0.4722431100948084,43.943438809460844,8.425056057662344,0
2025-11-07 02:42:29.706333,0.4139639679060807,47.214697092588246,7.445586761635166,0
2025-11-07 02:42:31.706333,0.34616938069132913,43.75856205355897,7.912776970576933,0
2025-11-07 02:42:33.706333,0.3603340153242376,42.875887597237785,8.218918115695217,0
2025-11-07 02:42:35.706333,0.42575170138204554,44.009727984844226,7.308198923437485,0
2025-11-07 02:42:37.706333,0.397184701605315,44.06324278935627,8.21029217439386,0
2025-11-07 02:42:39.706333,0.43202105344105424,43.87525060738721,7.7948085991653056,0
2025-11-07 02:42:41.706333,0.28615484307829137,43.23278276290756,7.945247099451412,0
2025-11-07 02:42:43.706333,0.2912805141738431,43.003690033172994,8.128331835208407,0
2025-11-07 02:42:45.706333,0.44545365779865115,47.713525246407116,8.390371215072113,0
2025-11-07 02:42:47.706333,0.3375601523434431,45.13103348894695,8.026257276615764,0
2025-11-07 02:42:49.706333,0.42073746774200743,46.47365309239809,8.520386917912441,0
2025-11-07 02:42:51.706333,0.3541238815377876,46.09984565396532,8.246507150852636,0
2025-11-07 02:42:53.706333,0.38652070549268946,41.916825968708594,7.724550611936468,0
2025-11-07 02:42:55.706333,0.380087388465799,45.51204990605186,7.7305496753349905,0
2025-11-07 02:42:57.706333,0.3646379338510903,45.59286212250475,8.453234707245345,0
2025-11-07 02:42:59.706333,0.36258592838646997,44.687255873703386,8.191666038642985,0
2025-11-07 02:43:01.706333,0.3787345425818686,46.11748935607566,7.708871310051945,0
2025-11-07 02:43:03.706333,0.4277258366501356,47.94470756376502,8.004316741797563,0
2025-11-07 02:43:05.706333,0.4411156370872842,44.37908002432823,8.26013976138469,0
2025-11-07 02:43:07.706333,0.41313094273306583,44.39254243845812,8.133278292408235,0
2025-11-07 02:43:09.706333,0.4359579008456947,45.256605390628046,8.12719381079736,0
2025-11-07 02:43:11.706333,0.4308993363343027,44.42536156989453,8.05561132694819,0
2025-11-07 02:43:13.706333,0.3322841525184262,45.240919317047606,7.971740327880046,0
2025-11-07 02:43:15.706333,0.3763694204975051,45.35011146034093,8.432458586379141,0
2025-11-07 02:43:17.706333,0.3784260413825555,44.210660150190265,7.6627841613663215,0
2025-11-07 02:43:19.706333,0.4213303934627094,46.023907649879206,8.409135168340583,0
2025-11-07 02:43:21.706333,0.3950218894178409,46.19554146231756,7.79105077242328,0
2025-11-07 02:43:23.706333,0.4058467083608528,45.52521404588374,7.973951144354498,0
2025-11-07 02:43:25.706333,0.33994531881560064,46.18890785774237,7.58647041824169,0
2025-11-07 02:43:27.706333,0.3678699455826317,46.307419938390055,7.751610673061909,0
2025-11-07 02:43:29.706333,0.42142161962885427,47.128529721851436,7.838049068530861,0
2025-11-07 02:43:31.706333,0.2880322587103483,43.484341291095426,7.24399701038446,0
2025-11-07 02:43:33.706333,0.3936598289271372,46.122000852795864,7.3977959233403805,0
2025-11-07 02:43:35.706333,0.36329935936008073,45.2957735005455,7.9210864426471455,0
2025-11-07 02:43:37.706333,0.3853811964912721,46.495597720366675,8.161243525267864,0
2025-11-07 02:43:39.706333,0.48642436145405016,41.71040586785674,7.784697273475224,0
2025-11-07 02:43:41.706333,0.3523105998534839,45.04174154240514,7.916240556248668,0
2025-11-07 02:43:43.706333,0.280412757129108,45.674653819434226,8.191173203373465,0
2025-11-07 02:43:45.706333,0.3925689218458772,43.983350217213,7.559449434350178,0
2025-11-07 02:43:47.706333,0.3655770139954725,44.64954927054731,7.328134411811124,0
2025-11-07 02:43:49.706333,0.4756580243764052,45.95805880546692,7.908707522752962,0
2025-11-07 02:43:51.706333,0.4162519277446669,42.495740205047525,7.712070505935145,0
2025-11-07 02:43:53.706333,0.3843741745871195,47.652147899446774,7.776090692059542,0
2025-11-07 02:43:55.706333,0.35513017683819725,44.23302221381349,8.071567639249885,0
2025-11-07 02:43:57.706333,0.42266258205484303,46.9571571836297,7.749260389895935,0
2025-11-07 02:43:59.706333,0.5317540375484333,44.80518799683833,8.017358249538669,0
2025-11-07 02:44:01.706333,0.3887558686124719,44.2888973447423,8.175174629026351,0
2025-11-07 02:44:03.706333,0.39387144835917826,45.767688313352615,8.245737696842413,0
2025-11-07 02:44:05.706333,0.3851940752695131,44.52564541434999,8.093295079719159,0
2025-11-07 02:44:07.706333,0.5384437460370353,43.90533268803534,8.021099559582682,0
2025-11-07 02:44:09.706333,0.3784437589902284,44.40843768310697,7.761027408659947,0
2025-11-07 02:44:11.706333,0.3717968306801439,46.47034391786385,7.592065313445836,0
2025-11-07 02:44:13.706333,0.4676379689409989,45.53088395724384,7.751956841449505,0
2025-11-07 02:44:15.706333,0.4723899270476305,47.10293188561511,7.972040294800835,0
2025-11-07 02:44:17.706333,0.4153905865345995,45.05564526464855,8.07261752412721,0
2025-11-07 02:44:19.706333,0.4094684484418008,46.10276697407421,8.1727143269761,0
2025-11-07 02:44:21.706333,0.32034987148017596,46.996801534316425,7.306068356358922,0
2025-11-07 02:44:23.706333,0.3767198405379044,44.92208517626883,8.046686353703011,0
2025-11-07 02:44:25.706333,0.47320967942887043,43.735717541243275,7.844359246771643,0
2025-11-07 02:44:27.706333,0.45584081666935,43.52830024604825,8.16188771391788,0
2025-11-07 02:44:29.706333,0.44077792649891406,47.43337950465059,8.141651649661366,0
2025-11-07 02:44:31.706333,0.37253429119949905,46.93625420719488,8.397086968867429,0
2025-11-07 02:44:33.706333,0.42426527890937077,45.935121029175264,7.745255947805949,0
2025-11-07 02:44:35.706333,0.3633044658492926,45.42054631378609,7.720869006097243,0
2025-11-07 02:44:37.706333,0.43534754069922943,47.25038299746302,8.263985152317758,0
2025-11-07 02:44:39.706333,0.4332257201387793,45.51186795280799,8.012391766562008,0
2025-11-07 02:44:41.706333,0.43582317873181947,42.650462675529965,9.011930287563509,0
2025-11-07 02:44:43.706333,0.3699334838421452,42.2923677847264,7.929017973251272,0
2025-11-07 02:44:45.706333,0.3818571572510415,44.881475178104324,8.41692938523351,0
2025-11-07 02:44:47.706333,0.46109590821404844,45.27293414601652,7.908077991074575,0
2025-11-07 02:44:49.706333,0.3590848308588572,45.81300296476901,8.065300917632444,0
2025-11-07 02:44:51.706333,0.4281223338951658,44.4672458365244,8.255256873259762,0
2025-11-07 02:44:53.706333,0.37206081388936846,49.133525716275265,7.895637993967929,0
2025-11-07 02:44:55.706333,0.4307186428725221,46.68226365931554,8.370492993328021,0
2025-11-07 02:44:57.706333,0.43643317521360886,47.017938447690824,7.389321712734335,0
2025-11-07 02:44:59.706333,0.3577765711108159,44.348054319987014,7.736608433481099,0
2025-11-07 02:45:01.706333,0.3996820660979071,43.294066472640345,7.334071477081605,0
2025-11-07 02:45:03.706333,0.35782344544601363,44.657478772485725,8.182490116456515,0
2025-11-07 02:45:05.706333,0.3845393024855715,41.31433705164735,8.417915759888183,0
2025-11-07 02:45:07.706333,0.4311041017142317,46.07168695843494,8.060754268575236,0
2025-11-07 02:45:09.706333,0.4143244411576147,44.611361149846545,8.155900080154524,0
2025-11-07 02:45:11.706333,0.3405515169032884,47.113877828905764,8.392209617886781,0
2025-11-07 02:45:13.706333,0.37674454967131416,43.043988729452636,8.434619506296368,0
2025-11-07 02:45:15.706333,0.36620607472820144,46.18490871959062,8.451939097702208,0
2025-11-07 02:45:17.706333,0.38322138599168015,45.804989141243986,8.630467196500195,0
2025-11-07 02:45:19.706333,0.42956778313267235,45.89832911518843,7.831993130065506,0
2025-11-07 02:45:21.706333,0.3161069167544079,44.72771902980715,7.884344243394826,0
2025-11-07 02:45:23.706333,0.41798449713373736,41.54756378876613,7.751366522419726,0
2025-11-07 02:45:25.706333,0.4272420254338705,43.96940159362615,8.274229521814423,0
2025-11-07 02:45:27.706333,0.4469609225969963,44.92772959757111,8.114677606957095,0
2025-11-07 02:45:29.706333,0.4314031307296814,45.47797021974085,7.835410204608519,0
2025-11-07 02:45:31.706333,0.4382382420984655,44.49980006913322,7.674544131641104,0
2025-11-07 02:45:33.706333,0.4001311340859273,44.574796998275275,8.000700743849222,0
2025-11-07 02:45:35.706333,0.422926600522327,45.90895907495439,7.347216510873005,0
2025-11-07 02:45:37.706333,0.45536994126224756,46.63342405084746,8.06684876979029,0
2025-11-07 02:45:39.706333,0.41528497376278145,45.21771897700631,7.98186193014891,0
2025-11-07 02:45:41.706333,0.3319498253562624,46.16278081241477,8.027426597299467,0
2025-11-07 02:45:43.706333,0.37135954343582817,45.61977351573105,7.578965239144749,0
2025-11-07 02:45:45.706333,0.4336508831658429,43.92715108458608,7.959879889835359,0
2025-11-07 02:45:47.706333,0.30614533265303157,43.99829599606775,8.031945977479609,0
2025-11-07 02:45:49.706333,0.42954573179321354,42.77726944391602,8.690985885039607,0
2025-11-07 02:45:51.706333,0.41271085106965233,43.063707410241385,7.986866818044447,0
2025-11-07 02:45:53.706333,0.43968083991960166,44.5082918009833,8.305871957256228,0
2025-11-07 02:45:55.706333,0.34553711351158695,46.954763416351945,8.278505131595665,0
2025-11-07 02:45:57.706333,0.4545651364376237,42.00771841637122,7.92036186656358,0
2025-11-07 02:45:59.706333,0.37393693004922723,46.909620608038985,8.147298757546208,0
2025-11-07 02:46:01.706333,0.3931442553512495,45.19367961015407,8.338467411581089,0
2025-11-07 02:46:03.706333,0.36924761111780224,46.39714313984924,7.89682061145465,0
2025-11-07 02:46:05.706333,0.44732997645552103,42.34173383840245,8.248563334871529,0
2025-11-07 02:46:07.706333,0.46438202475134366,44.40183153847426,7.990951738589429,0
2025-11-07 02:46:09.706333,0.3344040118676669,45.28094343454732,8.253784372737158,0
2025-11-07 02:46:11.706333,0.42094221173918234,49.26466774156518,8.299880090861937,0
2025-11-07 02:46:13.706333,0.34947944941190195,45.34175962941576,7.779605837800516,0
2025-11-07 02:46:15.706333,0.4159435467276024,47.04571387844377,7.521662203891535,0
2025-11-07 02:46:17.706333,0.3943733386402293,44.942774801173826,7.751801410106687,0
2025-11-07 02:46:19.706333,0.40256158217815,46.933306090481835,7.94472592117256,0
2025-11-07 02:46:21.706333,0.40711778277853855,44.87256597951049,7.985234290641423,0
2025-11-07 02:46:23.706333,0.39711934817595157,45.595558796470016,7.554518154621388,0
2025-11-07 02:46:25.706333,0.37846620973484774,43.24774511869617,7.678309547597238,0
2025-11-07 02:46:27.706333,0.3818866416621954,44.866754543541475,7.975421252967539,0
2025-11-07 02:46:29.706333,0.45675668962092625,43.95263489138974,8.41137958565583,0
2025-11-07 02:46:31.706333,0.36263564924290226,44.048885603949046,7.963280982111906,0
2025-11-07 02:46:33.706333,0.39989194635727676,45.52082939567892,8.867397062486138,0
2025-11-07 02:46:35.706333,0.34474557274204054,46.13380565016505,7.869570216690159,0
2025-11-07 02:46:37.706333,0.3434440208231346,44.18295755698631,7.764091832150688,0
2025-11-07 02:46:39.706333,0.33442995657826846,46.16434730197955,8.345472972934735,0
2025-11-07 02:46:41.706333,0.38272254907625086,45.750037824275054,8.409704659587153,0
2025-11-07 02:46:43.706333,0.45541533953205626,42.9168011829504,8.425343859310113,0
2025-11-07 02:46:45.706333,0.35183575000185735,46.00096488442517,7.975820386677119,0
2025-11-07 02:46:47.706333,0.39291534680494117,46.03993204552899,8.568510363079966,0
2025-11-07 02:46:49.706333,0.38752649978880066,45.96148473918092,7.940765021988554,0
2025-11-07 02:46:51.706333,0.45763297703789324,44.97919797393205,8.303253117318746,0
2025-11-07 02:46:53.706333,0.4133459380789791,45.56398261448336,6.876207922590584,0
2025-11-07 02:46:55.706333,0.437868762019976,45.792602621989076,8.285338526086225,0
2025-11-07 02:46:57.706333,0.41874233648892273,44.63763924755531,7.7936898794355045,0
2025-11-07 02:46:59.706333,0.43656865913516385,44.44339335371072,7.2017249433884105,0
2025-11-07 02:47:01.706333,0.374689382825406,45.66793278071866,8.118586777861385,0
2025-11-07 02:47:03.706333,0.33160905390534173,45.11286978317945,7.555145775835315,0
2025-11-07 02:47:05.706333,0.38895836344070017,42.245376101905904,8.303687936496797,0
2025-11-07 02:47:07.706333,0.45392596648363615,43.649361747100606,8.176968237583761,0
2025-11-07 02:47:09.706333,0.5098750571648869,46.47100528370844,8.075409937156113,0
2025-11-07 02:47:11.706333,0.4157009115975037,46.03936489471596,8.225970147722583,0
2025-11-07 02:47:13.706333,0.4204261833203159,44.7885113993272,7.741877505495643,0
2025-11-07 02:47:15.706333,0.3612180946614258,42.287187062348316,7.801549218662322,0
2025-11-07 02:47:17.706333,0.2106718864517832,45.70768486021261,8.312405919916154,0
2025-11-07 02:47:19.706333,0.2948042249314768,45.3695082082315,8.471433162220784,0
2025-11-07 02:47:21.706333,0.34417922984616434,47.16686216533523,8.047456930215112,0
2025-11-07 02:47:23.706333,0.36804460539021144,43.85585449705989,7.799416490956566,0
2025-11-07 02:47:25.706333,0.38974081137441136,42.04364620306141,8.096615100783374,0
2025-11-07 02:47:27.706333,0.4247003076735213,44.269229064677994,7.970126074369075,0
2025-11-07 02:47:29.706333,0.5168606450486326,46.17476378747032,7.906017989230743,0
2025-11-07 02:47:31.706333,0.36483042097406887,44.33696591614101,7.835168908004745,0
2025-11-07 02:47:33.706333,0.4068965111465795,44.70510029242312,7.812240421217427,0
2025-11-07 02:47:35.706333,0.4163932383234699,44.394903939589014,8.106872866419597,0
2025-11-07 02:47:37.706333,0.39333998338879445,46.50100627885986,7.633685120257733,0
2025-11-07 02:47:39.706333,0.31856995138842736,44.63697844554152,8.115115423508295,0
2025-11-07 02:47:41.706333,0.40857083261550087,43.1541640676732,8.249263757552901,0
2025-11-07 02:47:43.706333,0.4565245523579806,45.90236915115245,8.031634180027677,0
2025-11-07 02:47:45.706333,0.34204867799293537,45.21012275066541,8.008901764558317,0
2025-11-07 02:47:47.706333,0.41137014919279313,43.508778765613144,7.769020670191338,0
2025-11-07 02:47:49.706333,0.3677151652661278,44.25561895161567,8.128735384657647,0
2025-11-07 02:47:51.706333,0.4552697726002989,45.881781783704334,7.4255362620692145,0
2025-11-07 02:47:53.706333,0.5066324457589505,46.65103259345626,8.04972842194052,0
2025-11-07 02:47:55.706333,0.41317193381670847,44.510467912473956,7.740384288931511,0
2025-11-07 02:47:57.706333,0.38329179488782067,45.33552947247126,7.90616074031643,0
2025-11-07 02:47:59.706333,0.30337886584311186,46.445182224501806,8.251145524957257,0
2025-11-07 02:48:01.706333,0.4432309364627526,44.718638575800654,7.836809639374917,0
2025-11-07 02:48:03.706333,0.39471110267442516,44.00657817882129,8.173304244602683,0
2025-11-07 02:48:05.706333,0.4849748688025604,44.37844425650311,8.025007950931276,0
2025-11-07 02:48:07.706333,0.3811807532587721,44.375960089778374,7.758239341602585,0
2025-11-07 02:48:09.706333,0.446252725042257,45.36219085311162,7.835089994526826,0
2025-11-07 02:48:11.706333,0.39769144725913325,45.73700336355977,8.316818787218173,0
2025-11-07 02:48:13.706333,0.43818928451069455,46.957362127794916,8.061283093565462,0
2025-11-07 02:48:15.706333,0.4176514790727557,45.32856632438959,8.206836880500267,0
2025-11-07 02:48:17.706333,0.40937486709599613,45.65933368782008,7.500184140003729,0
2025-11-07 02:48:19.706333,0.4215135202357287,44.11007171141411,8.096593301783981,0
2025-11-07 02:48:21.706333,0.40436920870983944,43.75552949637541,7.965076832146438,0
2025-11-07 02:48:23.706333,0.36300458694278687,43.17543776418819,8.492766499450854,0
2025-11-07 02:48:25.706333,0.3998758775724516,45.52854543308913,7.695910532468314,0
2025-11-07 02:48:27.706333,0.35462995341986103,46.065976014244825,8.007099828790672,0
2025-11-07 02:48:29.706333,0.4141406915375683,47.9939609186422,7.956404719702572,0
2025-11-07 02:48:31.706333,0.44913907977894674,47.43796468999888,8.36612090420657,0
2025-11-07 02:48:33.706333,0.4420170821908499,47.73267798408261,7.958613181383264,0
2025-11-07 02:48:35.706333,0.4825720908336216,46.657348582588355,7.827028116748929,0
2025-11-07 02:48:37.706333,0.4167368550767413,43.03488617022221,8.054465193210754,0
2025-11-07 02:48:39.706333,0.42544445620093285,43.77445238550699,7.73440705391103,0
2025-11-07 02:48:41.706333,0.371118771006713,44.22270382213184,7.883963932356314,0
2025-11-07 02:48:43.706333,0.40497977421479925,45.42054788423245,8.087580741893262,0
2025-11-07 02:48:45.706333,0.42957119451032916,44.92111932650316,7.882764847632745,0
2025-11-07 02:48:47.706333,0.32914480739016344,45.062371739762995,7.555985286478967,0
2025-11-07 02:48:49.706333,0.4519245678194476,45.953050536092135,7.847954160593464,0
2025-11-07 02:48:51.706333,0.4158476251018529,45.957541460320684,7.923550413502245,0
2025-11-07 02:48:53.706333,0.3654718221260444,44.48633741587507,7.691529334652368,0
2025-11-07 02:48:55.706333,0.34744688115814726,44.23238557431635,8.072797869703276,0
2025-11-07 02:48:57.706333,0.4306903767324984,46.10242592698473,7.844613781715179,0
2025-11-07 02:48:59.706333,0.3604844224233491,45.380295373351046,8.16655622951088,0
2025-11-07 02:49:01.706333,0.49593695904761964,42.54665910481819,7.651351867832772,0
2025-11-07 02:49:03.706333,0.45889567570786655,45.22845566910213,8.087731994682553,0
2025-11-07 02:49:05.706333,0.43831269072308837,46.203928650477074,7.543728125297265,0
2025-11-07 02:49:07.706333,0.46347325348964297,47.23558910426748,7.325413444939458,0
2025-11-07 02:49:09.706333,0.4329644679656446,46.11327584659717,7.663553994158089,0
2025-11-07 02:49:11.706333,0.4499268383061045,45.61650443998963,8.106888063839,0
2025-11-07 02:49:13.706333,0.44239025742802196,45.37416131717067,8.057712115684238,0
2025-11-07 02:49:15.706333,0.4146725010872785,41.61709339192001,7.654095872449934,0
2025-11-07 02:49:17.706333,0.46669549703901186,42.26465512441526,8.002901001529423,0
2025-11-07 02:49:19.706333,0.4211322024294794,45.91615708382633,8.130438992021222,0
2025-11-07 02:49:21.706333,0.38925630866649397,47.48764804051592,8.050317486970107,0
2025-11-07 02:49:23.706333,0.3962739705608119,45.7164060697444,8.016983659850917,0
2025-11-07 02:49:25.706333,0.33449374004844856,43.768364369000366,8.0088025357682,0
2025-11-07 02:49:27.706333,0.3828170390672484,48.20697840886211,7.982101770825863,0
2025-11-07 02:49:29.706333,0.4536158156049985,43.59766395342021,8.06461431128665,0
2025-11-07 02:49:31.706333,0.3847138822462322,45.19087817622091,8.00273224765866,0
2025-11-07 02:49:33.706333,0.3821004750886499,44.31212684113738,8.431574220226537,0
2025-11-07 02:49:35.706333,0.45261033960848324,42.857537295776666,7.736379681385328,0
2025-11-07 02:49:37.706333,0.48643628676702927,45.65761469359542,8.840388103418569,0
2025-11-07 02:49:39.706333,0.4630788796587451,44.65455487140003,8.212928568357444,0
2025-11-07 02:49:41.706333,0.3937511375290528,44.67222579230064,7.682732003766025,0
2025-11-07 02:49:43.706333,0.42208169618464764,44.36828643387395,7.631039515171166,0
2025-11-07 02:49:45.706333,0.39206496647789935,44.39883652224251,7.778360938591334,0
2025-11-07 02:49:47.706333,0.38431765227980486,43.187603542222064,8.024307786649297,0
2025-11-07 02:49:49.706333,0.5319655252655122,46.118362104057745,7.766887775800288,0
2025-11-07 02:49:51.706333,0.3723979218687734,46.63437502148884,7.939530684018351,0
2025-11-07 02:49:53.706333,0.3913991204348284,42.96857865832448,8.243235015350567,0
2025-11-07 02:49:55.706333,0.44925277532385044,46.85245829915832,7.952583462601753,0
2025-11-07 02:49:57.706333,0.26547971670980197,45.151234527938755,7.9334939038974985,0
2025-11-07 02:49:59.706333,0.328451331009083,44.360776836315736,8.115873758981587,0
2025-11-07 02:50:01.706333,0.38856641465579406,46.878048228508646,7.875699693709154,0
2025-11-07 02:50:03.706333,0.3316653483608125,47.17335830922377,8.305304403504186,0
2025-11-07 02:50:05.706333,0.36763922027838924,45.38802105260692,8.112358721296552,0
2025-11-07 02:50:07.706333,0.36771888660661967,45.617809567350605,8.220352729908678,0
2025-11-07 02:50:09.706333,0.4492270346975067,46.574592951910546,7.718979431859696,0
2025-11-07 02:50:11.706333,0.3821222357827025,44.36032189063275,7.887569534164144,0
2025-11-07 02:50:13.706333,0.4690604865484425,45.81378360151081,7.304403854429858,0
2025-11-07 02:50:15.706333,0.4844515303837775,44.6639574060475,8.082355388165897,0
2025-11-07 02:50:17.706333,0.38673174640708846,43.136103501274675,7.910227415159358,0
2025-11-07 02:50:19.706333,0.3530521173177467,42.65153449692416,8.321338345218928,0
2025-11-07 02:50:21.706333,0.42538257369487875,45.3485832909849,8.261025410189495,0
2025-11-07 02:50:23.706333,0.4303974762063345,44.05205883514724,8.010199781048293,0
2025-11-07 02:50:25.706333,0.38890498548026076,47.503751014234666,7.3443373915019325,0
2025-11-07 02:50:27.706333,0.3757714005938365,44.94480008177958,8.323705286168511,0
2025-11-07 02:50:29.706333,0.43498359292592287,43.044934284061746,8.408626851833324,0
2025-11-07 02:50:31.706333,0.40375997328810026,45.36568410557427,7.6468113907718855,0
2025-11-07 02:50:33.706333,0.39324884476434857,43.41003112881935,8.060871638784,0
2025-11-07 02:50:35.706333,0.35447115255769157,46.68523956371484,8.117463680725143,0
2025-11-07 02:50:37.706333,0.30148534434808094,42.11749495498685,7.850332299476263,0
2025-11-07 02:50:39.706333,0.33347867415751786,43.86694418918239,7.568478613194883,0
2025-11-07 02:50:41.706333,0.38664257615255365,47.21016491529778,7.134131397911699,0
2025-11-07 02:50:43.706333,0.38060220779722737,43.64302870579098,8.07674877079439,0
2025-11-07 02:50:45.706333,0.3570336638689593,46.821771487487304,8.209706987519946,0
2025-11-07 02:50:47.706333,0.43066957110378895,44.667951360289706,8.005398470838387,0
2025-11-07 02:50:49.706333,0.4660958093615824,42.23992668291992,8.351831880444374,0
2025-11-07 02:50:51.706333,0.35762415327251723,47.22171806042819,7.89320524922812,0
2025-11-07 02:50:53.706333,0.4173633335523085,44.93705461339562,8.399794343545837,0
2025-11-07 02:50:55.706333,0.42219007454738866,47.17975438705936,7.816393794863779,0
2025-11-07 02:50:57.706333,0.5035595752643283,44.47869654410904,8.011772196992721,0
2025-11-07 02:50:59.706333,0.43867265983007175,45.897215413588846,7.369589634465877,0
2025-11-07 02:51:01.706333,0.3552709008176446,43.484419885493665,7.4387774089115934,0
2025-11-07 02:51:03.706333,0.435285863416285,46.00490444637094,8.076155195134207,0
2025-11-07 02:51:05.706333,0.33662002276278136,45.10433977895776,8.142171963116965,0
2025-11-07 02:51:07.706333,0.3902963247779565,47.55842296950699,7.964935101495821,0
2025-11-07 02:51:09.706333,0.36314382890415986,46.63498489667807,8.51588656924237,0
2025-11-07 02:51:11.706333,0.37328619668331603,44.9641599829672,8.385481174033927,0
2025-11-07 02:51:13.706333,0.5756579855528243,44.65828192689661,7.9702009276866,0
2025-11-07 02:51:15.706333,0.3650656631793629,44.13636762950386,8.20171915295799,0
2025-11-07 02:51:17.706333,0.3085793996171547,46.5261796454678,7.789666196821321,0
2025-11-07 02:51:19.706333,0.46902015914086936,45.07270349076271,7.972042304908546,0
2025-11-07 02:51:21.706333,0.38405824129165445,46.46307231619449,7.3570894384045165,0
2025-11-07 02:51:23.706333,0.40097134134661094,44.48667387588413,7.206996051988601,0
2025-11-07 02:51:25.706333,0.4186147041007498,46.06476072805672,8.201273696289949,0
2025-11-07 02:51:27.706333,0.3823819188229148,43.342208940595484,8.196927916536774,0
2025-11-07 02:51:29.706333,0.4241018493358611,47.80424931078063,7.8796782488068775,0
2025-11-07 02:51:31.706333,0.46865188656812456,44.802894058696204,7.706228743526514,0
2025-11-07 02:51:33.706333,0.43187042387006896,43.90369148444981,7.574847898653686,0
2025-11-07 02:51:35.706333,0.340574983181452,43.57578089802356,7.975810073216693,0
2025-11-07 02:51:37.706333,0.287216361828612,47.22457039372779,8.090358666403066,0
2025-11-07 02:51:39.706333,0.4334842794141616,44.96490362603935,8.124874924627237,0
2025-11-07 02:51:41.706333,0.408178252986203,45.08182032513269,7.792987614097265,0
2025-11-07 02:51:43.706333,0.42842569180883533,43.37816842277249,7.876593113389298,0
2025-11-07 02:51:45.706333,0.3689291736993812,45.30941735230481,8.310730308268793,0
2025-11-07 02:51:47.706333,0.41384098810465325,44.820780546854245,7.96280008623624,0
2025-11-07 02:51:49.706333,0.3731536572772895,44.901983014650106,7.794005647908572,0
2025-11-07 02:51:51.706333,0.37084508195711796,42.22885710760376,8.016583498879697,0
2025-11-07 02:51:53.706333,0.3703866894199962,44.64766515513421,8.092133924857128,0
2025-11-07 02:51:55.706333,0.45541453446836544,44.93809941323764,8.113311840939687,0
2025-11-07 02:51:57.706333,0.3766367684802183,48.31296779138006,8.431966831918611,0
2025-11-07 02:51:59.706333,0.41242303368866445,45.18579357446096,8.28917293675061,0
2025-11-07 02:52:01.706333,0.35402501300218636,48.921720726826976,7.451367977278939,0
2025-11-07 02:52:03.706333,0.41761703021461977,45.26179725785649,7.6519488478834115,0
2025-11-07 02:52:05.706333,0.43960531854492335,44.331210964808015,7.495029066138584,0
2025-11-07 02:52:07.706333,0.4550923005346433,44.744755217575566,8.144550084632044,0
2025-11-07 02:52:09.706333,0.4290769020316666,45.89315063990335,8.161762298295047,0
2025-11-07 02:52:11.706333,0.35861429464140315,44.31823980209894,8.505073768140328,0
2025-11-07 02:52:13.706333,0.4779169239429922,44.96725427350064,7.60139557539705,0
2025-11-07 02:52:15.706333,0.4505288532518088,46.38959196578746,7.789551353061289,0
2025-11-07 02:52:17.706333,0.4025997549660016,45.15840661361633,7.580966355740168,0
2025-11-07 02:52:19.706333,0.3240977431282471,46.50174566096149,8.300055984976334,0
2025-11-07 02:52:21.706333,0.4452443868493304,44.94726368066066,7.049499482652862,0
2025-11-07 02:52:23.706333,0.34999005172337283,43.55657456907145,8.007420739221558,0
2025-11-07 02:52:25.706333,0.38848736829741576,44.56281284798621,8.016906098075731,0
2025-11-07 02:52:27.706333,0.4228771734863151,45.04538225540206,7.953513924911571,0
2025-11-07 02:52:29.706333,0.44508003559928594,47.42623323703223,7.658527686295667,0
2025-11-07 02:52:31.706333,0.44552232999416064,45.21119732016347,8.433921977268716,0
2025-11-07 02:52:33.706333,0.40585063885914097,45.7652083352007,8.071305453725167,0
2025-11-07 02:52:35.706333,0.37893623438918683,44.72181045521433,8.110803682494979,0
2025-11-07 02:52:37.706333,0.454881855198696,47.22722648312826,8.144543234709381,0
2025-11-07 02:52:39.706333,0.3831987908302116,42.045586801678,7.945793894310045,0
2025-11-07 02:52:41.706333,0.42156777591378575,44.30517512724198,7.573025069273203,0
2025-11-07 02:52:43.706333,0.35818771686355694,46.95293861339084,8.360937662368592,0
2025-11-07 02:52:45.706333,0.3822993806960532,44.99261382970693,8.214867918807114,0
2025-11-07 02:52:47.706333,0.36670600861169733,46.121110703338715,8.217703752294303,0
2025-11-07 02:52:49.706333,0.4453217132354156,43.892342133648505,7.996019733918773,0
2025-11-07 02:52:51.706333,0.3884020455030865,44.20617527042733,7.832646416783981,0
2025-11-07 02:52:53.706333,0.33143104141427876,46.62059979372865,7.709317864573442,0
2025-11-07 02:52:55.706333,0.2803172264678609,42.7467252023299,8.16731079181191,0
2025-11-07 02:52:57.706333,0.4165219761461299,44.85667156238298,7.82300231764503,0
2025-11-07 02:52:59.706333,0.37305067579016316,42.17078049458695,7.551980477701201,0
2025-11-07 02:53:01.706333,0.3683072737218748,46.169973963513506,7.789214681290204,0
2025-11-07 02:53:03.706333,0.3646967295668175,43.85939375933233,8.015788657565912,0
2025-11-07 02:53:05.706333,0.4103093935238325,45.03474210658919,7.906627503361505,0
2025-11-07 02:53:07.706333,0.3819740819294309,43.26096642957633,8.22920621589183,0
2025-11-07 02:53:09.706333,0.36010014933760576,46.274475964434664,7.596786447325506,0
2025-11-07 02:53:11.706333,0.375463389498229,45.09599004847857,8.284167411502462,0
2025-11-07 02:53:13.706333,0.29954294782946067,44.886813507840046,7.5702208260554595,0
2025-11-07 02:53:15.706333,0.42431409714793533,45.21696939247627,8.15144615179891,0
2025-11-07 02:53:17.706333,0.38002091769679647,48.38775312644257,8.578647308094347,0
2025-11-07 02:53:19.706333,0.3709832109169312,44.37789780547037,8.504467218354646,0
2025-11-07 02:53:21.706333,0.48539895909349684,45.48246437805221,8.319393157580494,0
2025-11-07 02:53:23.706333,0.4040539996040896,43.52090248720143,8.305631335855349,0
2025-11-07 02:53:25.706333,0.4720068834910147,46.01130438898299,8.053965023480856,0
2025-11-07 02:53:27.706333,0.4006063258464449,44.3639333979842,8.337974884131658,0
2025-11-07 02:53:29.706333,0.3616533052413718,45.50122523324306,7.923633323315283,0
2025-11-07 02:53:31.706333,0.43714004475351453,44.55429776222773,8.054709172204664,0
2025-11-07 02:53:33.706333,0.4429367605859311,43.96942930330734,8.174729502511894,0
2025-11-07 02:53:35.706333,0.4235558630472123,47.363628722614074,8.192787910385354,0
2025-11-07 02:53:37.706333,0.32405841354807013,46.249466624424855,8.13230031201619,0
2025-11-07 02:53:39.706333,0.33579444927697066,42.81708272060952,7.687517881782991,0
2025-11-07 02:53:41.706333,0.4625307922662659,46.52405817927581,7.904108943522725,0
2025-11-07 02:53:43.706333,0.3373698474353796,41.747301902756085,7.347557615606109,0
2025-11-07 02:53:45.706333,0.4127174303434016,46.71496113301359,8.208961955995605,0
2025-11-07 02:53:47.706333,0.3695731498517796,47.00130460827206,8.281127038684584,0
2025-11-07 02:53:49.706333,0.40737951279229406,43.01612354354453,8.047341090139824,0
2025-11-07 02:53:51.706333,0.32796604782270633,45.813527831568415,8.517262156496134,0
2025-11-07 02:53:53.706333,0.47530584638300694,46.00172191657703,7.8132778233205675,0
2025-11-07 02:53:55.706333,0.35842133524446357,46.25704232815395,8.220301739682679,0
2025-11-07 02:53:57.706333,0.3998182203691926,43.69487360225229,7.472832531482319,0
2025-11-07 02:53:59.706333,0.35868976529434,47.23348353958592,8.159018140904763,0
2025-11-07 02:54:01.706333,0.4311478682997761,46.77992268898561,8.411197749901914,0
2025-11-07 02:54:03.706333,0.43895978554308873,45.683426522404005,8.121154776833315,0
2025-11-07 02:54:05.706333,0.368082146063128,42.428526134494355,7.430677435436324,0
2025-11-07 02:54:07.706333,0.43746220103634864,44.89396937991166,8.398598716813371,0
2025-11-07 02:54:09.706333,0.4078091395000604,47.18394710715498,7.7802036206260015,0
2025-11-07 02:54:11.706333,0.47501433457367404,43.6032607605409,7.99976100985524,0
2025-11-07 02:54:13.706333,0.48083398228420043,46.2450456793513,7.974696094261095,0
2025-11-07 02:54:15.706333,0.3817258167576171,46.74607088759681,8.125893435545631,0
2025-11-07 02:54:17.706333,0.43443570407714854,42.366215458839,8.382597754956794,0
2025-11-07 02:54:19.706333,0.3626375123529292,45.44051935736107,8.196807223795162,0
2025-11-07 02:54:21.706333,0.42505465338024606,43.95015906802289,8.068781457598913,0
2025-11-07 02:54:23.706333,0.3676544809881435,44.26076040513897,7.498111472112039,0
2025-11-07 02:54:25.706333,0.37728458515135843,44.4308982117321,7.734075970554268,0
2025-11-07 02:54:27.706333,0.41718324594249623,43.585120623888585,7.6271932459153104,0
2025-11-07 02:54:29.706333,0.40733402295627164,44.28527117983163,7.730281694985701,0
2025-11-07 02:54:31.706333,0.42842100058316196,47.251251601125546,8.13050577544726,0
2025-11-07 02:54:33.706333,0.47186436090405676,47.86140563253731,7.465317603714561,0
2025-11-07 02:54:35.706333,0.334084316466772,45.05403675161127,7.94129636501272,0
2025-11-07 02:54:37.706333,0.37661920757190215,43.49945306339882,7.821032063315725,0
2025-11-07 02:54:39.706333,0.40416670864076615,46.5968906542902,8.16102082289031,0
2025-11-07 02:54:41.706333,0.34733893628275947,45.87833414851264,7.491407773021478,0
2025-11-07 02:54:43.706333,0.40531415539723964,45.623243891787084,8.074127153976908,0
2025-11-07 02:54:45.706333,0.40591428673518204,45.07233626462027,8.659998013922133,0
2025-11-07 02:54:47.706333,0.39081267994615354,44.13994356007955,7.8678814825123995,0
2025-11-07 02:54:49.706333,0.41763016326048963,42.46796610755634,7.720803060186888,0
2025-11-07 02:54:51.706333,0.4327272521145496,44.536114519164904,7.708169171434179,0
2025-11-07 02:54:53.706333,0.46494161019772257,45.43789312023174,7.0868987986607825,0
2025-11-07 02:54:55.706333,0.38459248923846195,45.878562199751954,7.63507340282545,0
2025-11-07 02:54:57.706333,0.3557905807988396,45.13616913450724,7.582355529541287,0
2025-11-07 02:54:59.706333,0.41638736949172855,44.79797907837065,8.326590323179973,0
2025-11-07 02:55:01.706333,0.37302995749936146,43.88780538444332,8.580162580372004,0
2025-11-07 02:55:03.706333,0.4425123555639647,44.9701047127212,8.359296760547165,0
2025-11-07 02:55:05.706333,0.40115285273195855,42.340117211665124,7.490925255639147,0
2025-11-07 02:55:07.706333,0.4059160834167656,46.30544649737071,8.036074280908082,0
2025-11-07 02:55:09.706333,0.45929489851238164,46.89692503181907,7.911316538692038,0
2025-11-07 02:55:11.706333,0.3785889127323823,43.905677324364795,7.666921079345059,0
2025-11-07 02:55:13.706333,0.45379101541435435,45.01620881929501,7.707736867789887,0
2025-11-07 02:55:15.706333,0.4267079773265115,48.44558354778023,8.236584614098422,0
2025-11-07 02:55:17.706333,0.36247026291005446,44.14818743584148,7.907267349213028,0
2025-11-07 02:55:19.706333,0.44594461197406887,43.09392942537507,7.847836245655998,0
2025-11-07 02:55:21.706333,0.36507035557635176,47.6099136683499,7.612728985133686,0
2025-11-07 02:55:23.706333,0.42498212890765236,46.37437875691607,7.896825131762787,0
2025-11-07 02:55:25.706333,0.3430206814335599,46.37054344535094,8.152666715749048,0
2025-11-07 02:55:27.706333,0.3847263366949198,43.49705292332051,8.121515031537895,0
2025-11-07 02:55:29.706333,0.3706984763090882,43.20221932270745,8.232060901438729,0
2025-11-07 02:55:31.706333,0.46354081744340364,45.32541407713803,7.945784762888711,0
2025-11-07 02:55:33.706333,0.42533807644238836,46.210446868238705,7.714042844460335,0
2025-11-07 02:55:35.706333,0.37926118574092543,42.91821251590173,8.18150943085751,0
2025-11-07 02:55:37.706333,0.3840334723189306,48.16555364494132,8.184942889594291,0
2025-11-07 02:55:39.706333,0.45885768690751794,43.56392073471959,7.882977449755039,0
2025-11-07 02:55:41.706333,0.425471778755889,44.68837687909707,8.091871968074843,0
2025-11-07 02:55:43.706333,0.35203848651352443,45.32369826311579,8.37544256791851,0
2025-11-07 02:55:45.706333,0.36669829986860647,44.852990414012,8.023673302609732,0
2025-11-07 02:55:47.706333,0.3419279204251805,43.916827423507144,7.927902404326029,0
2025-11-07 02:55:49.706333,0.3922529391391494,45.031273941381656,7.963065984291512,0
2025-11-07 02:55:51.706333,0.38340546001065035,44.819070439041326,7.910770355077696,0
2025-11-07 02:55:53.706333,0.4465561632697198,46.143689944646376,7.951338866711856,0
2025-11-07 02:55:55.706333,0.41933880659688894,43.41869890388976,7.931414465012885,0
2025-11-07 02:55:57.706333,0.3877994744901035,45.563979454943635,7.653945509747436,0
2025-11-07 02:55:59.706333,0.4287082107524296,45.36203659578635,8.441481766011739,0
2025-11-07 02:56:01.706333,0.45101205813136946,44.471254985545364,8.15766629891467,0
2025-11-07 02:56:03.706333,0.4002267163516322,44.97649895954711,7.432202126892627,0
2025-11-07 02:56:05.706333,0.4377007353527317,46.47433517803031,8.10018695414407,0
2025-11-07 02:56:07.706333,0.44273075421332236,45.87454983100067,7.889220277957541,0
2025-11-07 02:56:09.706333,0.3767220777534013,44.461166009839935,8.111667550633621,0
2025-11-07 02:56:11.706333,0.4194931130927221,43.55158010801138,8.25303357959519,0
2025-11-07 02:56:13.706333,0.39083251780404915,44.78532889086841,8.003413771761034,0
2025-11-07 02:56:15.706333,0.3431244457539778,45.03266794191748,7.770916901326108,0
2025-11-07 02:56:17.706333,0.4139421806436025,43.7122535734585,7.962026897837696,0
2025-11-07 02:56:19.706333,0.4257738852807043,44.45886534443396,7.861993949649827,0
2025-11-07 02:56:21.706333,0.40952147737270084,45.73384022867838,7.354998951963755,0
2025-11-07 02:56:23.706333,0.4141430235343167,47.004010737183414,8.011984525921614,0
2025-11-07 02:56:25.706333,0.41876373883764917,43.819288369655546,7.959687152858821,0
2025-11-07 02:56:27.706333,0.4590688638745464,44.728884375280714,7.769443671469234,0
2025-11-07 02:56:29.706333,0.3858811969961826,45.036180699235786,8.201421164499546,0
2025-11-07 02:56:31.706333,0.34063767182048776,44.86607617975293,8.643758943717133,0
2025-11-07 02:56:33.706333,0.3987315932751959,45.460595313248675,8.05150043549813,0
2025-11-07 02:56:35.706333,0.3945414005865768,46.752629887153695,7.983664286044898,0
2025-11-07 02:56:37.706333,0.43430999657605246,46.08272833760287,7.573639666433545,0
2025-11-07 02:56:39.706333,0.36868036127293047,42.97915906855272,7.609992409124617,0
2025-11-07 02:56:41.706333,0.43300222389833615,44.90591290929345,7.51516786235195,0
2025-11-07 02:56:43.706333,0.41929821539419604,42.99267423511069,7.874080330083109,0
2025-11-07 02:56:45.706333,0.44291922242315485,42.718606728517976,8.588382595801892,0
2025-11-07 02:56:47.706333,0.38370126187186127,45.503470860885635,8.35940335394268,0
2025-11-07 02:56:49.706333,0.4389529835998525,45.167216746886176,8.058720454488531,0
2025-11-07 02:56:51.706333,0.33302170762759764,43.515323866798724,7.621611726978879,0
2025-11-07 02:56:53.706333,0.4848975705304163,48.47930872544332,7.9637308482816715,0
2025-11-07 02:56:55.706333,0.4946892068504299,47.015745957126434,7.540296716238249,0
2025-11-07 02:56:57.706333,0.4166806621791471,43.26985108969194,8.05030199416592,0
2025-11-07 02:56:59.706333,0.33371748542185614,46.53837098050351,7.607442094421382,0
2025-11-07 02:57:01.706333,0.341278481052127,44.50938337741372,8.266012816432067,0
2025-11-07 02:57:03.706333,0.3684076628767263,46.107603540917864,8.373924411082989,0
2025-11-07 02:57:05.706333,0.4201616500907243,44.74617347424793,7.843634452812175,0
2025-11-07 02:57:07.706333,0.4172975691734222,42.720995758302564,8.06132055777755,0
2025-11-07 02:57:09.706333,0.39469297585060764,46.26202190644039,8.176180382227896,0
2025-11-07 02:57:11.706333,0.3279042919684214,45.64660423111795,7.834819163961265,0
2025-11-07 02:57:13.706333,0.40528027539883277,44.85302768216708,7.937644150242192,0
2025-11-07 02:57:15.706333,0.4134950521636318,45.78586123128837,7.897700790271315,0
2025-11-07 02:57:17.706333,0.3547992429778495,46.76751860175066,8.176104411594439,0
2025-11-07 02:57:19.706333,0.3651649195831759,44.68399550591547,8.255590318713686,0
2025-11-07 02:57:21.706333,0.31243417167218324,45.185091421345625,7.846949971102992,0
2025-11-07 02:57:23.706333,0.45037465194529025,43.37204747648489,7.685398574608038,0
2025-11-07 02:57:25.706333,0.4132952434675379,47.767181338328875,8.121522205998948,0
2025-11-07 02:57:27.706333,0.41163054644009545,43.383809304375355,7.625946150786877,0
2025-11-07 02:57:29.706333,0.4031612649562459,45.045618815100624,8.193046367247826,0
2025-11-07 02:57:31.706333,0.4127230797063812,46.48258734861703,7.910260092708671,0
2025-11-07 02:57:33.706333,0.4305712750918332,44.09504029621224,7.989353392212273,0
2025-11-07 02:57:35.706333,0.39317630536610443,45.561417849436445,7.8656947552487315,0
2025-11-07 02:57:37.706333,0.4592458012141403,45.17111838060585,7.798522254623759,0
2025-11-07 02:57:39.706333,0.39617231274482334,45.723230645069876,8.356850880671066,0
2025-11-07 02:57:41.706333,0.4879120762521261,42.72296535042886,8.157802802024744,0
2025-11-07 02:57:43.706333,0.3645252600017714,40.87317872395782,8.575918082747558,0
2025-11-07 02:57:45.706333,0.32456998258102054,44.5013410580834,8.023630215497208,0
2025-11-07 02:57:47.706333,0.4707739320161402,48.07753819504327,7.303146567405151,0
2025-11-07 02:57:49.706333,0.32255139055987453,42.950385341420464,7.817684331578538,0
2025-11-07 02:57:51.706333,0.40099692451307417,44.037177043047656,8.514209001276965,0
2025-11-07 02:57:53.706333,0.4167801891654985,43.20078601629623,7.976815801516088,0
2025-11-07 02:57:55.706333,0.4518985332567753,46.99141404603999,7.8313313153265725,0
2025-11-07 02:57:57.706333,0.3789005518312766,44.254457801394956,8.165055629332722,0
2025-11-07 02:57:59.706333,0.41726770169589933,42.678324221527895,8.077650598077652,0
2025-11-07 02:58:01.706333,0.3474021017166385,45.653391608991896,7.911307128056746,0
2025-11-07 02:58:03.706333,0.4104121602471399,43.267104015342454,8.371244687662792,0
2025-11-07 02:58:05.706333,0.45950075048396316,45.823937612508786,8.077391336631342,0
2025-11-07 02:58:07.706333,0.3668982980768903,45.6148167720677,7.939716667342628,0
2025-11-07 02:58:09.706333,0.4018034128116213,44.0639813244131,7.592127808988659,0
2025-11-07 02:58:11.706333,0.34380071912400423,44.26221297038657,7.845846864592733,0
2025-11-07 02:58:13.706333,0.4522132436924917,46.35433044827553,7.939524678137101,0
2025-11-07 02:58:15.706333,0.4399435709959208,44.58503024472264,7.718935453062393,0
2025-11-07 02:58:17.706333,0.3953998104385316,45.507579908655686,7.654310680974938,0
2025-11-07 02:58:19.706333,0.3310343598904073,43.27699171704501,8.10901254812868,0
2025-11-07 02:58:21.706333,0.4251310597179012,43.411521056658046,8.056686007681138,0
2025-11-07 02:58:23.706333,0.37367610537454715,46.43618185093827,8.244950310865542,0
2025-11-07 02:58:25.706333,0.4644131556523559,44.11259339927875,7.6468360183741035,0
2025-11-07 02:58:27.706333,0.38293604034917683,45.83647760371817,8.470638059613648,0
2025-11-07 02:58:29.706333,0.45971434266146344,45.50597840950591,8.132878974782276,0
2025-11-07 02:58:31.706333,0.42619310799149596,44.96763319828621,7.925429735590661,0
2025-11-07 02:58:33.706333,0.37650700411121946,47.340526721235925,7.95812597595728,0
2025-11-07 02:58:35.706333,0.36597547832362026,45.412934761282656,7.952759214407398,0
2025-11-07 02:58:37.706333,0.34284699749538555,44.57215476623128,7.799214122116369,0
2025-11-07 02:58:39.706333,0.3900387651651997,42.913659484979966,8.04112947705564,0
2025-11-07 02:58:41.706333,0.4258277368282149,46.34412858052952,7.490751963326739,0
2025-11-07 02:58:43.706333,0.33736670165823957,44.16112750973552,8.047473455111787,0
2025-11-07 02:58:45.706333,0.4229307987934143,44.91216448667947,8.22517777551615,0
2025-11-07 02:58:47.706333,0.48904487570376226,44.55849678422441,8.01019083601609,0
2025-11-07 02:58:49.706333,0.4253408620812358,47.71750689607243,8.063228404849353,0
2025-11-07 02:58:51.706333,0.3517401133650117,43.03230281033291,7.7691936490988125,0
2025-11-07 02:58:53.706333,0.4570821881846798,44.274552242306505,8.137179355487712,0
2025-11-07 02:58:55.706333,0.42240821031128484,44.0887444292344,7.693515940878867,0
2025-11-07 02:58:57.706333,0.3367974986498596,42.49600257380166,7.5635812586449545,0
2025-11-07 02:58:59.706333,0.4315683747173313,45.46962269641855,8.719431290148258,0
2025-11-07 02:59:01.706333,0.40171798634968237,45.589603807530516,7.596181361261189,0
2025-11-07 02:59:03.706333,0.3412558297719542,44.91315346307165,8.007491597166888,0
2025-11-07 02:59:05.706333,0.4549888541722491,44.16335728879051,7.600476407714201,0
2025-11-07 02:59:07.706333,0.3834831156054902,46.80424279843557,7.015439916127014,0
2025-11-07 02:59:09.706333,0.4382862424056847,47.8422265784995,8.140978169441492,0
2025-11-07 02:59:11.706333,0.411729607014238,47.36720930237323,8.033522171853182,0
2025-11-07 02:59:13.706333,0.505709040654706,45.06739224735822,8.002073852290954,0
2025-11-07 02:59:15.706333,0.4585336231385135,45.899684084132964,8.06954938277416,0
2025-11-07 02:59:17.706333,0.5520688517792789,43.5034857568758,7.366262623763896,0
2025-11-07 02:59:19.706333,0.3931984025726626,43.24170015153853,8.517442866102007,0
2025-11-07 02:59:21.706333,0.4313688153831102,46.95366316233547,8.320497359091808,0
2025-11-07 02:59:23.706333,0.46957415724812424,44.552664371114936,7.833881514688364,0
2025-11-07 02:59:25.706333,0.3908821788535746,45.56536788836591,8.6930348622567,0
2025-11-07 02:59:27.706333,0.4928848302164875,45.78464222832289,8.352622513547214,0
2025-11-07 02:59:29.706333,0.29456547237274305,43.39269400791084,7.784105041361114,0
2025-11-07 02:59:31.706333,0.46320775196428016,45.323634675661644,7.770492972789852,0
2025-11-07 02:59:33.706333,0.33866483422431043,46.80137544803123,8.001812663081523,0
2025-11-07 02:59:35.706333,0.45610034639396774,45.77921327164537,8.376695098315759,0
2025-11-07 02:59:37.706333,0.3435196425749516,43.540013784980005,8.493380059276962,0
2025-11-07 02:59:39.706333,0.34401283270936855,48.63918093835827,7.571559117110661,0
2025-11-07 02:59:41.706333,0.33414879163351285,46.08845957189382,8.230139048406308,0
2025-11-07 02:59:43.706333,0.42607124935991064,43.179421979081205,8.430402480931217,0
2025-11-07 02:59:45.706333,0.4687055429984915,42.60197288694541,7.879581782923893,0
2025-11-07 02:59:47.706333,0.4069161889262193,44.40330259077374,7.802336885911586,0
2025-11-07 02:59:49.706333,0.39074950508732725,45.40808506544833,7.7331465419725935,0
2025-11-07 02:59:51.706333,0.49758333162558205,45.011335437193786,8.179243139559189,0
2025-11-07 02:59:53.706333,0.46719506903468977,45.92497558868084,8.036694025930759,0
2025-11-07 02:59:55.706333,0.39333626873312244,46.24408518041725,7.558526488985931,0
2025-11-07 02:59:57.706333,0.35609949109903755,44.161380211290336,8.194687358055072,0
2025-11-07 02:59:59.706333,0.32820980198800603,44.87794519556092,8.068322510738856,0
2025-11-07 03:00:01.706333,0.38978108628058594,45.00316171480749,7.867601513258379,0
2025-11-07 03:00:03.706333,0.41873488610653103,44.632184990544076,8.086021625659939,0
2025-11-07 03:00:05.706333,0.4255977180431765,44.092855618861584,8.66435487334167,0
2025-11-07 03:00:07.706333,0.376231764373165,47.522812892373906,7.8488338271497655,0
2025-11-07 03:00:09.706333,0.38423761391494726,47.46425917655264,8.298797895299865,0
2025-11-07 03:00:11.706333,0.39776835636646524,44.207582265419965,7.6682411001655515,0
2025-11-07 03:00:13.706333,0.40999261150461913,43.99933923832995,8.389867719117884,0
2025-11-07 03:00:15.706333,0.38485947067612286,44.816368025785245,7.36235679958057,0
2025-11-07 03:00:17.706333,0.437964374881679,43.29658502910978,7.532664282701311,0
2025-11-07 03:00:19.706333,0.4613574741412193,43.071562052120484,8.041448814234029,0
2025-11-07 03:00:21.706333,0.4043046547103419,47.178887467170746,8.134477428649735,0
2025-11-07 03:00:23.706333,0.3906307413265665,44.572950406601194,7.841609763164547,0
2025-11-07 03:00:25.706333,0.4377948579751451,43.14910346703171,7.852998411865686,0
2025-11-07 03:00:27.706333,0.459275364582412,46.08406883479717,7.9517476093841974,0
2025-11-07 03:00:29.706333,0.41952899465427296,45.69127958509949,7.778575182543512,0
2025-11-07 03:00:31.706333,0.41569633564321173,44.979961538737584,8.47950886677316,0
2025-11-07 03:00:33.706333,0.36225520113001974,45.209093518956244,8.03430818400055,0
2025-11-07 03:00:35.706333,0.4265588688908822,43.061821939242016,8.733399482393724,0
2025-11-07 03:00:37.706333,0.35906439060043205,45.540708554054135,8.101184674591634,0
2025-11-07 03:00:39.706333,0.4019609527960976,47.75314137525524,7.508092341041748,0
2025-11-07 03:00:41.706333,0.37267196850774137,45.23669961727748,8.386724566757728,0
2025-11-07 03:00:43.706333,0.40174641612993667,42.71617903757683,7.8513830786163235,0
2025-11-07 03:00:45.706333,0.34219620072777074,43.80916380501174,7.6401068146803075,0
2025-11-07 03:00:47.706333,0.41807060558968145,46.23080796188279,8.101475448776638,0
2025-11-07 03:00:49.706333,0.3917287364919549,44.414651059416,7.699525122865542,0
2025-11-07 03:00:51.706333,0.4306841277672556,46.243933085830456,7.881380590854035,0
2025-11-07 03:00:53.706333,0.3849695106518444,45.47035299242396,7.737464364453422,0
2025-11-07 03:00:55.706333,0.4489830268746139,43.42565284428688,7.823777605803631,0
2025-11-07 03:00:57.706333,0.3211817024541166,43.56486851143845,7.449210701026198,0
2025-11-07 03:00:59.706333,0.46409864462687345,45.904688139060696,7.56497903356664,0
2025-11-07 03:01:01.706333,0.3898695383754865,47.5731022770587,8.029955879562864,0
2025-11-07 03:01:03.706333,0.3830279010494116,45.64819294473719,7.722547496627836,0
2025-11-07 03:01:05.706333,0.44191315658420144,45.16199239142727,8.277815527157438,0
2025-11-07 03:01:07.706333,0.41213650900802595,45.947893893962885,7.645703267705812,0
2025-11-07 03:01:09.706333,0.4408222634090163,42.490679581368674,7.95499677475037,0
2025-11-07 03:01:11.706333,0.37905251218498853,44.930089522728416,7.766320019511735,0
2025-11-07 03:01:13.706333,0.4326238519074809,44.190684756463135,8.172240269473903,0
2025-11-07 03:01:15.706333,0.3946623710285002,45.60411303878306,8.166452241017545,0
2025-11-07 03:01:17.706333,0.2954331488727567,43.893875924364444,7.815002645117764,0
2025-11-07 03:01:19.706333,0.36195519340569043,45.748487354169335,7.491390642084977,0
2025-11-07 03:01:21.706333,0.4285994507139697,44.1267876387057,8.017251673000906,0
2025-11-07 03:01:23.706333,0.42688945214227997,45.51590608416094,8.05024404310385,0
2025-11-07 03:01:25.706333,0.33385395971714027,43.590876260413694,7.909038168841746,0
2025-11-07 03:01:27.706333,0.31521643136754396,46.585624362754935,8.273518988364593,0
2025-11-07 03:01:29.706333,0.35990124428407483,46.94390668948612,7.685511256818815,0
2025-11-07 03:01:31.706333,0.448174065513416,42.72953052129451,7.949567589039582,0
2025-11-07 03:01:33.706333,0.4027699652831387,45.028878895476595,7.785535903292679,0
2025-11-07 03:01:35.706333,0.3988521936739808,46.51463471813634,8.257450277491134,0
2025-11-07 03:01:37.706333,0.30024188471184465,42.95257245438354,7.60263081763588,0
2025-11-07 03:01:39.706333,0.47517645020529736,45.82782260000422,8.095407241796835,0
2025-11-07 03:01:41.706333,0.39763865233478224,45.99500066115376,8.065614246033201,0
2025-11-07 03:01:43.706333,0.37200650091728543,45.134559236722474,7.962986366581593,0
2025-11-07 03:01:45.706333,0.3961881887613683,46.44821173460564,7.721240770320372,0
2025-11-07 03:01:47.706333,0.4036558481165185,45.182427991010364,8.318178989825117,0
2025-11-07 03:01:49.706333,0.4514769803995598,45.6725946073558,8.042841890924976,0
2025-11-07 03:01:51.706333,0.40525504822913655,43.603481235398036,8.160193570506744,0
2025-11-07 03:01:53.706333,0.39236484934964716,46.07286529002978,8.073764767127104,0
2025-11-07 03:01:55.706333,0.39081699613975124,46.42710494233748,8.022507056277767,0
2025-11-07 03:01:57.706333,0.40076737705260773,44.771285817110204,7.517786720903674,0
2025-11-07 03:01:59.706333,0.3650855816672603,46.883589234089634,8.485022079115911,0
2025-11-07 03:02:01.706333,0.4129080357829446,42.71990935520276,8.462356908201121,0
2025-11-07 03:02:03.706333,0.4146912850588217,44.11603516463546,8.08903282170421,0
2025-11-07 03:02:05.706333,0.43376943815268776,45.50727806772294,7.635182561483747,0
2025-11-07 03:02:07.706333,0.4316555433673006,45.88908531404807,7.870914216867926,0
2025-11-07 03:02:09.706333,0.3277607915153749,41.869843369432616,7.494675169859984,0
2025-11-07 03:02:11.706333,0.4201491027837167,44.00564802486516,8.705067229595969,0
2025-11-07 03:02:13.706333,0.34163186958720865,46.36532054487365,7.966349970979998,0
2025-11-07 03:02:15.706333,0.3724672650580489,45.024188077293196,8.145139535560372,0
2025-11-07 03:02:17.706333,0.2949684878492458,44.637619614865635,7.731559086889522,0
2025-11-07 03:02:19.706333,0.3947160346589,46.23991233599947,8.20478346615424,0
2025-11-07 03:02:21.706333,0.4180659730181947,45.43637310687339,7.701721921261275,0
2025-11-07 03:02:23.706333,0.4376537667139318,46.01352792960794,7.827644477021242,0
2025-11-07 03:02:25.706333,0.4290942569673181,46.67410977809216,7.564307584125524,0
2025-11-07 03:02:27.706333,0.3847239088834386,45.29564169891835,7.992486175240353,0
2025-11-07 03:02:29.706333,0.4450606411414588,48.28259405469819,8.059629305057259,0
2025-11-07 03:02:31.706333,0.45257830993822307,43.8209667791662,7.746760936831089,0
2025-11-07 03:02:33.706333,0.44105642644963206,46.88997233782489,7.715657809853083,0
2025-11-07 03:02:35.706333,0.4494898976998914,44.861065752080485,8.563217759810584,0
2025-11-07 03:02:37.706333,0.38155920632788093,43.82385052150335,8.004085793391562,0
2025-11-07 03:02:39.706333,0.37959384616471337,43.69061001192485,7.927630062022493,0
2025-11-07 03:02:41.706333,0.38992859973440724,44.90963929498529,7.817978085101453,0
2025-11-07 03:02:43.706333,0.39616495050377204,47.238157858794416,7.88069984326917,0
2025-11-07 03:02:45.706333,0.4375026151116012,46.305846035484514,7.59181199217491,0
2025-11-07 03:02:47.706333,0.44787482603354845,46.443241476367106,7.637258140491928,0
2025-11-07 03:02:49.706333,0.3673147204766989,47.23008278868264,8.360691446644955,0
2025-11-07 03:02:51.706333,0.4115494304536633,45.63948952600553,7.90643244312316,0
2025-11-07 03:02:53.706333,0.4979037844976959,45.34345817141452,7.936569712047627,0
2025-11-07 03:02:55.706333,0.3608447380480554,47.48561296291816,8.036551112739003,0
2025-11-07 03:02:57.706333,0.35032806151479134,43.84622726016486,7.753003316252638,0
2025-11-07 03:02:59.706333,0.47546632776332703,44.49841291849866,7.825671441131004,0
2025-11-07 03:03:01.706333,0.4137591592447921,45.188710529321376,8.067213458472557,0
2025-11-07 03:03:03.706333,0.43395457664129244,46.302148070124666,8.254177181896557,0
2025-11-07 03:03:05.706333,0.3151289853041638,46.50136204461327,7.888403333817748,0
2025-11-07 03:03:07.706333,0.44275668656175515,43.33289270477203,7.857088614527789,0
2025-11-07 03:03:09.706333,0.3861404694576553,46.092595481313865,7.934469467522213,0
2025-11-07 03:03:11.706333,0.44836072112846287,45.50692467098602,8.079153671974682,0
2025-11-07 03:03:13.706333,0.29668277244087354,44.74432599975018,7.5784104446005065,0
2025-11-07 03:03:15.706333,0.39895469775167236,46.18760410002032,8.230882481673497,0
2025-11-07 03:03:17.706333,0.37230802222530873,45.95082464939274,7.788877731683585,0
2025-11-07 03:03:19.706333,0.46324877990983815,43.64296269727456,7.998797508223701,0
2025-11-07 03:03:21.706333,0.37139841356196396,42.336365770173984,8.03599290057988,0
2025-11-07 03:03:23.706333,0.41917118070579723,43.598301545661364,8.039963974710455,0
2025-11-07 03:03:25.706333,0.4370186950717268,42.883727179123014,8.23709624538436,0
2025-11-07 03:03:27.706333,0.4068418781956491,45.68797139228789,8.03559798949597,0
2025-11-07 03:03:29.706333,0.3631290774209677,42.67879211181563,8.212151338797861,0
2025-11-07 03:03:31.706333,0.47767300881399255,45.25296353325305,8.40628255255995,0
2025-11-07 03:03:33.706333,0.42566461654501775,45.71523911423094,7.90426809364683,0
2025-11-07 03:03:35.706333,0.3457481848936827,46.46553085763974,7.619477748625288,0
2025-11-07 03:03:37.706333,0.42531683348968896,44.6515541652146,7.634155764963588,0
2025-11-07 03:03:39.706333,0.3426012372766717,41.970087778533916,8.095274773020462,0
2025-11-07 03:03:41.706333,0.3985929689039116,42.93012281756444,8.033468419757575,0
2025-11-07 03:03:43.706333,0.4284392556241133,47.5483567966534,7.854924473431852,0
2025-11-07 03:03:45.706333,0.36765266102690675,42.23949892602267,7.919990802969674,0
2025-11-07 03:03:47.706333,0.41554687098425924,44.263714025393575,8.230215770904827,0
2025-11-07 03:03:49.706333,0.408456209432791,44.45814691043208,8.10775758372806,0
2025-11-07 03:03:51.706333,0.3917916535745027,42.185557680173304,7.672672102518976,0
2025-11-07 03:03:53.706333,0.46782591210246094,44.212213514374774,7.931559508840649,0
2025-11-07 03:03:55.706333,0.35984927305029774,45.654171040500884,7.82483835380581,0
2025-11-07 03:03:57.706333,0.3452687746584172,44.41571433917758,7.797814551752419,0
2025-11-07 03:03:59.706333,0.5268215724251468,45.44091512577405,8.182439649564472,0
2025-11-07 03:04:01.706333,0.41235628285791726,41.35949090980457,7.713150954451639,0
2025-11-07 03:04:03.706333,0.4611605917490181,45.22075167979639,8.021118086282868,0
2025-11-07 03:04:05.706333,0.3649675886687882,46.17404607340402,7.666579833852151,0
2025-11-07 03:04:07.706333,0.3937479725780088,44.44336921752501,7.990080461628755,0
2025-11-07 03:04:09.706333,0.36402737564441195,45.71329251385557,7.991085358637206,0
2025-11-07 03:04:11.706333,0.38105041655567834,44.38769119093795,7.941110162099844,0
2025-11-07 03:04:13.706333,0.3522766200466115,45.45821926906422,8.288604539931768,0
2025-11-07 03:04:15.706333,0.3851629230074509,47.73701693318878,7.818786536344354,0
2025-11-07 03:04:17.706333,0.4585475057334842,44.68818783569229,8.251126058464257,0
2025-11-07 03:04:19.706333,0.3147877442024846,46.54728569259407,7.986141794046752,0
2025-11-07 03:04:21.706333,0.41372957353532674,44.95684050881788,8.19706581078174,0
2025-11-07 03:04:23.706333,0.2773910672028726,46.61229505187726,7.909412880347941,0
2025-11-07 03:04:25.706333,0.372849733211532,44.93176863671867,7.858853252918267,0
2025-11-07 03:04:27.706333,0.4763150516140202,43.19344721597388,8.089788648674208,0
2025-11-07 03:04:29.706333,0.4263153776163218,44.33637729789417,7.757260442056094,0
2025-11-07 03:04:31.706333,0.4486237344033541,46.552705072203956,8.072828399201658,0
2025-11-07 03:04:33.706333,0.39264691412102265,45.00191178866242,7.689402466627963,0
2025-11-07 03:04:35.706333,0.4762216889334986,41.95485983177636,8.072266185885429,0
2025-11-07 03:04:37.706333,0.4339749440414941,45.960577728881475,8.41606325292082,0
2025-11-07 03:04:39.706333,0.4358995887348318,44.72840262687918,8.26235405026805,0
2025-11-07 03:04:41.706333,0.3869443015201389,45.366204337926966,8.360783171609025,0
2025-11-07 03:04:43.706333,0.3851837714661824,45.87097455855508,8.579947753326666,0
2025-11-07 03:04:45.706333,0.40238991675928676,44.54357666391358,7.758577116565692,0
2025-11-07 03:04:47.706333,0.4204380990314763,47.662160824349726,8.524968948756392,0
2025-11-07 03:04:49.706333,0.4574459872123629,46.501500271158534,7.861233440518667,0
2025-11-07 03:04:51.706333,0.47790010348483847,44.43493628040977,7.930715023575874,0
2025-11-07 03:04:53.706333,0.3695374754494663,43.600314796749004,8.446782417020938,0
2025-11-07 03:04:55.706333,0.34896017535744395,44.83478578358716,7.680835029056927,0
2025-11-07 03:04:57.706333,0.3634500019429907,47.10485156750125,8.025788199600093,0
2025-11-07 03:04:59.706333,0.3695214146747093,43.57774353173986,8.428389618865296,0
2025-11-07 03:05:01.706333,0.39667152396352146,43.94040620682562,8.401142420211082,0
2025-11-07 03:05:03.706333,0.43702225260941974,45.02875545946688,8.62092793278088,0
2025-11-07 03:05:05.706333,0.454756674519857,44.46480554011068,7.791980701863469,0
2025-11-07 03:05:07.706333,0.3622266715307439,47.91652388121699,7.776273562041415,0
2025-11-07 03:05:09.706333,0.42594419398962974,49.101341736744786,7.686659950045207,0
2025-11-07 03:05:11.706333,0.44928763246528924,45.35682439251376,8.348983089801605,0
2025-11-07 03:05:13.706333,0.47571663578952383,45.390997924276554,8.219294302243135,0
2025-11-07 03:05:15.706333,0.34363660492444825,43.82810498278259,7.83473820131506,0
2025-11-07 03:05:17.706333,0.33811540686583663,44.79919284700726,8.302234437561117,0
2025-11-07 03:05:19.706333,0.3358059620600621,46.58163036114675,8.417233531706977,0
2025-11-07 03:05:21.706333,0.437589492618259,44.89823391115006,7.75698040272946,0
2025-11-07 03:05:23.706333,0.42305220700344,46.1743456815621,7.6175283928096285,0
2025-11-07 03:05:25.706333,0.3954088632455911,42.490473414833545,7.992782664509933,0
2025-11-07 03:05:27.706333,0.4237416761813055,42.965595896569944,7.771957429283563,0
2025-11-07 03:05:29.706333,0.48268947359802983,47.65079633780336,8.435545466424758,0
2025-11-07 03:05:31.706333,0.414385010701975,45.0761103757704,7.981986127526422,0
2025-11-07 03:05:33.706333,0.4713929211544852,45.70732445817843,8.280070326435087,0
2025-11-07 03:05:35.706333,0.46353538387786125,46.68146769200731,8.546030896943012,0
2025-11-07 03:05:37.706333,0.43758490398311073,45.64811425765212,7.603457573952515,0
2025-11-07 03:05:39.706333,0.4959948458952769,44.88517187660216,7.876808523948152,0
2025-11-07 03:05:41.706333,0.4379883026890057,45.572252321224695,8.054622474310664,0
2025-11-07 03:05:43.706333,0.4538821154526961,45.31729377451147,8.175184271614384,0
2025-11-07 03:05:45.706333,0.5148118238323757,47.19293508114448,7.90510964420802,0
2025-11-07 03:05:47.706333,0.4025546473478883,46.42040894941023,8.444961674100398,0
2025-11-07 03:05:49.706333,0.5248646975516379,47.22377307371903,7.96250507655809,0
2025-11-07 03:05:51.706333,0.4916307316860998,43.22218816725327,8.055962860821914,0
2025-11-07 03:05:53.706333,0.39280148569710416,45.40652553373401,7.90998019630703,0
2025-11-07 03:05:55.706333,0.318423550764588,44.51805658729708,7.891430382748954,0
2025-11-07 03:05:57.706333,0.4379948838623194,49.24591659864883,7.899569663852993,0
2025-11-07 03:05:59.706333,0.43738647492888816,45.66309642215601,7.885638712808814,0
2025-11-07 03:06:01.706333,0.41696492141207636,42.80536107655757,7.822440725045627,0
2025-11-07 03:06:03.706333,0.4401185558438314,46.51125451244253,8.028532267728794,0
2025-11-07 03:06:05.706333,0.3173023499957833,45.640179548474336,8.337741871457295,0
2025-11-07 03:06:07.706333,0.3821486932581139,43.57621941765118,8.126617744723394,0
2025-11-07 03:06:09.706333,0.3512293968925535,46.84229006601402,8.335046276158819,0
2025-11-07 03:06:11.706333,0.43238906175515385,42.35347394000289,7.975932835895459,0
2025-11-07 03:06:13.706333,0.41303958512147654,47.058838964251606,8.255303145712164,0
2025-11-07 03:06:15.706333,0.41091907788638976,42.18490727819055,7.214666866079908,0
2025-11-07 03:06:17.706333,0.2714735628137511,46.507975261369836,8.344428948117713,0
2025-11-07 03:06:19.706333,0.42571268321230366,44.34312494568174,8.191619689146412,0
2025-11-07 03:06:21.706333,0.400274521502593,46.19880173021546,9.014135178721961,0
2025-11-07 03:06:23.706333,0.32117419426194677,43.10355812508211,7.981889889551673,0
2025-11-07 03:06:25.706333,0.3788651648736388,46.02677484408142,7.764544700140701,0
2025-11-07 03:06:27.706333,0.4833269721408337,47.491454908171896,8.261457881297606,0
2025-11-07 03:06:29.706333,0.442962465859285,48.212734317905536,7.851159914859161,0
2025-11-07 03:06:31.706333,0.3828941447961972,46.786191409574826,8.009380603680471,0
2025-11-07 03:06:33.706333,0.476607757894961,46.82379847592828,8.394700164537875,0
2025-11-07 03:06:35.706333,0.37483661891197134,46.285083101848365,8.541510626289318,0
2025-11-07 03:06:37.706333,0.4029836476386211,45.668005456481865,7.978963797254624,0
2025-11-07 03:06:39.706333,0.4633676186818904,45.56443509540502,7.55848999340968,0
2025-11-07 03:06:41.706333,0.41610570606924946,43.10445891843148,7.834226944855839,0
2025-11-07 03:06:43.706333,0.431653797626691,45.72505813036962,7.7151843937686015,0
2025-11-07 03:06:45.706333,0.4112572277742587,47.44406783341514,7.778658567098293,0
2025-11-07 03:06:47.706333,0.41698917410807296,46.19654360757697,7.855614714628996,0
2025-11-07 03:06:49.706333,0.3839903024441385,46.821651911123325,7.677470168790102,0
2025-11-07 03:06:51.706333,0.39306280715101427,43.99910596859154,8.187453992150065,0
2025-11-07 03:06:53.706333,0.4458116074156737,45.37006567394037,7.990692264326045,0
2025-11-07 03:06:55.706333,0.48348725358454636,43.90862826971194,7.93469129722115,0
2025-11-07 03:06:57.706333,0.4779790361552756,43.0631515293232,7.996257456982587,0
2025-11-07 03:06:59.706333,0.34271933432758234,46.40415944656584,7.924411681303018,0
2025-11-07 03:07:01.706333,0.3590490940779735,45.50976823043651,7.953132205609749,0
2025-11-07 03:07:03.706333,0.30525289275993817,45.600893611241624,7.969787922236671,0
2025-11-07 03:07:05.706333,0.4509698779120641,44.336796242948154,7.464473679051006,0
2025-11-07 03:07:07.706333,0.38585615075860163,44.03228371337473,7.437447610699459,0
2025-11-07 03:07:09.706333,0.43764708455405477,46.624941568575856,7.890527616215916,0
2025-11-07 03:07:11.706333,0.45451965302280345,44.49286469259305,7.407107100370868,0
2025-11-07 03:07:13.706333,0.4437113347072936,43.24926190368892,7.71733333766996,0
2025-11-07 03:07:15.706333,0.3737935255773564,43.3634686179576,7.8951786481332205,0
2025-11-07 03:07:17.706333,0.4571383401397342,45.72858296987758,7.739432271627756,0
2025-11-07 03:07:19.706333,0.3929960573916822,45.22853365309327,7.990539859408278,0
2025-11-07 03:07:21.706333,0.4119034728181416,46.9499304796499,8.011557084076621,0
2025-11-07 03:07:23.706333,0.43762214387476644,46.38491788949192,8.085177895569586,0
2025-11-07 03:07:25.706333,0.3790960786001001,45.63528195354221,8.07867239561358,0
2025-11-07 03:07:27.706333,0.4084284754271566,47.00650874673581,8.227336111814926,0
2025-11-07 03:07:29.706333,0.37926796805896335,46.981822350579115,7.746421667500212,0
2025-11-07 03:07:31.706333,0.3744667183135396,42.32548910911516,8.243848811080356,0
2025-11-07 03:07:33.706333,0.36718964788654296,45.9771502247205,7.880792157092021,0
2025-11-07 03:07:35.706333,0.3510225500270094,42.995480423005645,8.27378328971062,0
2025-11-07 03:07:37.706333,0.39672003811211204,44.668314465843935,7.854403135758148,0
2025-11-07 03:07:39.706333,0.37567595967312495,46.444458391650855,7.788533946274938,0
2025-11-07 03:07:41.706333,0.37053085449558404,44.0505604674492,8.250152486397125,0
2025-11-07 03:07:43.706333,0.3492289471821422,43.64624226815995,8.229980239677122,0
2025-11-07 03:07:45.706333,0.3672703903982571,46.566384922366424,7.560412911390545,0
2025-11-07 03:07:47.706333,0.3432532554890063,44.46960791781287,8.017883121270614,0
2025-11-07 03:07:49.706333,0.407348277621606,47.30917364821834,8.651013492744687,0
2025-11-07 03:07:51.706333,0.33072007274740306,44.483843854654324,7.9341152286023195,0
2025-11-07 03:07:53.706333,0.3938111300916175,45.01609487813974,8.41356228377215,0
2025-11-07 03:07:55.706333,0.40104356324785434,46.58596420472041,7.495617537732621,0
2025-11-07 03:07:57.706333,0.3474557392740994,46.685586448096885,8.145363687971972,0
2025-11-07 03:07:59.706333,0.3798728973696908,44.72325169972263,7.660523502867923,0
2025-11-07 03:08:01.706333,0.4050969532399032,46.70068389434554,8.352007536914641,0
2025-11-07 03:08:03.706333,0.39682397340961295,45.90169087238043,8.46386816008484,0
2025-11-07 03:08:05.706333,0.4546928741871275,46.13325565493954,8.327214517207793,0
2025-11-07 03:08:07.706333,0.42625474490686044,45.988960948500086,7.879176103675559,0
2025-11-07 03:08:09.706333,0.3974029886032645,44.82794745967024,7.730911380906426,0
2025-11-07 03:08:11.706333,0.35424217433589855,45.18496725046239,8.258948490308933,0
2025-11-07 03:08:13.706333,0.4212679005645026,46.006001679358626,8.273649574638208,0
2025-11-07 03:08:15.706333,0.35669441693751464,44.5632657784171,7.738173181839579,0
2025-11-07 03:08:17.706333,0.4326442502466523,45.35525941636318,7.69234916613272,0
2025-11-07 03:08:19.706333,0.4462640815076059,44.33748183233786,7.212339315039188,0
2025-11-07 03:08:21.706333,0.3723296737876822,46.97446253651702,7.715995702141346,0
2025-11-07 03:08:23.706333,0.365707810361322,48.36104874783551,7.885094112170437,0
2025-11-07 03:08:25.706333,0.4804389929494777,44.188032526985886,7.912697107874476,0
2025-11-07 03:08:27.706333,0.3439100944638327,43.153064600573536,7.7961039123671165,0
2025-11-07 03:08:29.706333,0.47645584291361726,48.30693534794427,7.647567709857521,0
2025-11-07 03:08:31.706333,0.3892062993738524,44.26659372994123,8.182071094165638,0
2025-11-07 03:08:33.706333,0.4753027580083185,44.57384342462965,8.713271477127966,0
2025-11-07 03:08:35.706333,0.34066750521800077,43.819562673792,7.978079478167064,0
2025-11-07 03:08:37.706333,0.4592530798145265,45.98081887573321,8.325154106990231,0
2025-11-07 03:08:39.706333,0.4211510708426593,44.497484210050565,7.61766550865498,0
2025-11-07 03:08:41.706333,0.5124239463420222,48.305977868236106,8.224167791692231,0
2025-11-07 03:08:43.706333,0.4644824469308677,45.58860419297226,7.703940408808383,0
2025-11-07 03:08:45.706333,0.33595329846967126,46.902852324798054,7.9259118465638645,0
2025-11-07 03:08:47.706333,0.4104153607006998,46.66813937354504,8.05941878437804,0
2025-11-07 03:08:49.706333,0.4482512366864298,45.765915919931516,7.533617983574862,0
2025-11-07 03:08:51.706333,0.40044756059663134,43.37933326255737,7.963462067762229,0
2025-11-07 03:08:53.706333,0.3800900672301661,46.254262894154685,8.222741779472463,0
2025-11-07 03:08:55.706333,0.421777471650007,45.76544409229335,8.203212768825896,0
2025-11-07 03:08:57.706333,0.45286856040549667,44.70802405660088,8.076913457700703,0
2025-11-07 03:08:59.706333,0.4157134575188819,44.921275385126734,8.609019349207703,0
2025-11-07 03:09:01.706333,0.49509098553290815,44.94303832182348,8.304896292681882,0
2025-11-07 03:09:03.706333,0.36361788259372435,45.45824986068543,7.976579018356011,0
2025-11-07 03:09:05.706333,0.4646970892292564,45.37482246800555,8.088405196535284,0
2025-11-07 03:09:07.706333,0.46758543229724303,45.733686238979146,8.743849797427158,0
2025-11-07 03:09:09.706333,0.4149948588934044,44.092108081013954,8.137922026062492,0
2025-11-07 03:09:11.706333,0.4307452060557043,44.11012568932935,8.316558355411965,0
2025-11-07 03:09:13.706333,0.3769350205035835,44.44694372389774,7.821446160995442,0
2025-11-07 03:09:15.706333,0.4110153976898817,45.899418338101455,8.364095974366286,0
2025-11-07 03:09:17.706333,0.4260713849620985,44.25488488009803,8.149220187761035,0
2025-11-07 03:09:19.706333,0.45349541870565874,45.12559850824767,8.058048777826832,0
2025-11-07 03:09:21.706333,0.4201665116731998,44.63080345423408,8.012239094139483,0
2025-11-07 03:09:23.706333,0.34968132827391607,48.24303934455073,8.297293139709552,0
2025-11-07 03:09:25.706333,0.3778576750913952,45.40278760429599,8.384829544600958,0
2025-11-07 03:09:27.706333,0.47051308704642375,45.36314661365601,8.276383939753257,0
2025-11-07 03:09:29.706333,0.3835107316123624,48.4019442894994,8.517722703063832,0
2025-11-07 03:09:31.706333,0.42700753475439557,44.548477529403854,8.067313848384757,0
2025-11-07 03:09:33.706333,0.38551916236205447,45.98466891039598,7.901285385577579,0
2025-11-07 03:09:35.706333,0.398936352388253,44.14359355846704,7.51441570712997,0
2025-11-07 03:09:37.706333,0.40907614114192636,46.12895288248976,8.038640465096396,0
2025-11-07 03:09:39.706333,0.4450301043459898,43.078847606749385,8.087996906709208,0
2025-11-07 03:09:41.706333,0.4119883454824902,46.79184978287787,7.451610301697297,0
2025-11-07 03:09:43.706333,0.36156936891529085,44.54767069532732,8.140473379413253,0
2025-11-07 03:09:45.706333,0.3768422305428927,44.54116564114753,7.430701688501697,0
2025-11-07 03:09:47.706333,0.434227631699515,46.73758976357658,8.195985035758397,0
2025-11-07 03:09:49.706333,0.36600303078012153,44.3189454599291,8.446380161235117,0
2025-11-07 03:09:51.706333,0.4847822125161192,44.27255816052427,7.87496591213211,0
2025-11-07 03:09:53.706333,0.44086238553157886,48.15225774132193,8.16517358180678,0
2025-11-07 03:09:55.706333,0.3926624173617124,44.23717862198431,7.79814336803811,0
2025-11-07 03:09:57.706333,0.44992072698733454,46.0672678419002,8.33730737456052,0
2025-11-07 03:09:59.706333,0.40145959018541805,46.1093687436248,7.943750723019026,0
2025-11-07 03:10:01.706333,0.345360904500525,44.47287176504673,7.840787562801237,0
2025-11-07 03:10:03.706333,0.34937809645240153,43.21556593118346,7.72953457829103,0
2025-11-07 03:10:05.706333,0.43239747143589485,46.888950278705266,7.887252627430493,0
2025-11-07 03:10:07.706333,0.43952039002641985,45.715988702682516,7.828700341495603,0
2025-11-07 03:10:09.706333,0.31181836609333385,49.389327038702646,8.641679472811493,0
2025-11-07 03:10:11.706333,0.3608228393533591,45.84714245405341,7.936303728828605,0
2025-11-07 03:10:13.706333,0.35690937892560104,46.184015251668,7.486174017200383,0
2025-11-07 03:10:15.706333,0.41377507471615727,43.588126912292054,8.17361303340353,0
2025-11-07 03:10:17.706333,0.46659564588183916,47.936332790852234,8.299623829530779,0
2025-11-07 03:10:19.706333,0.43758424766834186,46.097825407413104,7.400412520604003,0
2025-11-07 03:10:21.706333,0.3736971424734635,47.40636409959452,7.95229428609947,0
2025-11-07 03:10:23.706333,0.43479707717077215,44.05913407265994,7.929244730086711,0
2025-11-07 03:10:25.706333,0.35739169774950413,48.03243478583567,8.130548491701447,0
2025-11-07 03:10:27.706333,0.36406033311268765,45.96760777500111,8.260097976979514,0
2025-11-07 03:10:29.706333,0.4070430972707491,46.81714594157327,8.31123884665345,0
2025-11-07 03:10:31.706333,0.41623024184294116,45.56137848656077,8.153465249484126,0
2025-11-07 03:10:33.706333,0.45837123050157613,45.841105724987784,8.202325160703676,0
2025-11-07 03:10:35.706333,0.42238860826000657,45.27620220118405,7.654568857229686,0
2025-11-07 03:10:37.706333,0.4622630257679422,40.082694222568215,7.99403943531258,0
2025-11-07 03:10:39.706333,0.3748272316735948,42.99798319347019,8.238578719554264,0
2025-11-07 03:10:41.706333,0.40404576544416554,45.573856450180294,8.346283132946663,0
2025-11-07 03:10:43.706333,0.3054994628996674,45.90618048804262,7.410389328001325,0
2025-11-07 03:10:45.706333,0.43647196122641724,45.664168444094415,7.565916598117427,0
2025-11-07 03:10:47.706333,0.4986210929172384,44.868694048467134,8.268877732876375,0
2025-11-07 03:10:49.706333,0.4125692527578115,44.25975438576297,7.892316145608519,0
2025-11-07 03:10:51.706333,0.4632091194250895,43.93877586376975,7.640873526657159,0
2025-11-07 03:10:53.706333,0.40399505055508933,46.58362299464278,8.240851222797065,0
2025-11-07 03:10:55.706333,0.36265138980441675,46.40061873901649,8.009093394019892,0
2025-11-07 03:10:57.706333,0.4275328652006888,44.20206862092783,7.699537778492395,0
2025-11-07 03:10:59.706333,0.42825677360179265,46.16779376318281,8.521820379813239,0
2025-11-07 03:11:01.706333,0.3941371433304272,43.963752709152466,8.05191187125603,0
2025-11-07 03:11:03.706333,0.35545472400658895,46.2356568815963,8.421930448043085,0
2025-11-07 03:11:05.706333,0.4474935295316743,45.35842123231569,8.249292143892719,0
2025-11-07 03:11:07.706333,0.31593822235245783,48.00756050330386,7.6023143239005,0
2025-11-07 03:11:09.706333,0.4083912056461783,41.294485971984,8.23169941192561,0
2025-11-07 03:11:11.706333,0.37676095799763537,43.709270066535026,7.909224909077356,0
2025-11-07 03:11:13.706333,0.4278591037068429,47.19389160169891,8.008283483129135,0
2025-11-07 03:11:15.706333,0.4166988337803649,44.15630837548153,7.8921361846517435,0
2025-11-07 03:11:17.706333,0.40414331359288924,44.39947075905419,7.8268847401440755,0
2025-11-07 03:11:19.706333,0.4089992653925431,44.30981625733876,8.064278609313886,0
2025-11-07 03:11:21.706333,0.4884474820002094,43.052721878508294,8.285338636034197,0
2025-11-07 03:11:23.706333,0.4455098426314265,41.17706053630488,8.182938838809886,0
2025-11-07 03:11:25.706333,0.41250586189756294,45.65143444764567,7.871862977405155,0
2025-11-07 03:11:27.706333,0.3347048085947823,44.31606840328776,7.957899133150849,0
2025-11-07 03:11:29.706333,0.37500187287806086,45.80318482676347,7.47542767315878,0
2025-11-07 03:11:31.706333,0.3838217397783108,47.374494353934445,7.930499882754454,0
2025-11-07 03:11:33.706333,0.39426300425855704,44.61957510116071,8.11666630103741,0
2025-11-07 03:11:35.706333,0.4493292442799199,44.53745335260384,7.737097791127104,0
2025-11-07 03:11:37.706333,0.365408803748375,48.51247177269779,7.7793428103231905,0
2025-11-07 03:11:39.706333,0.3666924515009198,41.48355727221709,7.829166027051335,0
2025-11-07 03:11:41.706333,0.35558906673165697,46.1271998581024,7.822988076790477,0
2025-11-07 03:11:43.706333,0.43746850733520326,43.215900421346475,7.963818379763177,0
2025-11-07 03:11:45.706333,0.3940935512212537,46.21616447827508,8.221505732349618,0
2025-11-07 03:11:47.706333,0.4687347086257581,45.130426720930664,7.666033504588369,0
2025-11-07 03:11:49.706333,0.3305250364972853,44.399833566485626,8.362329087674501,0
2025-11-07 03:11:51.706333,0.45656044148203906,43.95241241831733,7.946387530598683,0
2025-11-07 03:11:53.706333,0.3310469735229494,44.69742883250478,8.426200877010604,0
2025-11-07 03:11:55.706333,0.48160485509622253,43.79088001513632,8.318904226639718,0
2025-11-07 03:11:57.706333,0.3924542005032072,46.56860288898754,7.915160001041713,0
2025-11-07 03:11:59.706333,0.47903378802603974,43.48892788686274,8.503876260993321,0
2025-11-07 03:12:01.706333,0.4267167797171996,42.15738052120723,7.9447995324701095,0
2025-11-07 03:12:03.706333,0.4212216688636027,43.960989124944106,8.606263392684905,0
2025-11-07 03:12:05.706333,0.34895631698234253,47.13374991374976,8.032403524577836,0
2025-11-07 03:12:07.706333,0.3454673337469921,42.96013170335011,7.920045838768992,0
2025-11-07 03:12:09.706333,0.3919512677129956,42.80399800979165,8.202411654608103,0
2025-11-07 03:12:11.706333,0.40145119361334597,44.667876847754016,7.581208113883753,0
