timestamp,vibration,temperature,current,fault
2025-11-07 02:32:49.939672,0.4388989703412131,48.68094078402451,7.665274684575616,0
2025-11-07 02:32:51.939672,0.36196423547642725,49.050715657691754,8.755270704025678,0
2025-11-07 02:32:53.939672,0.37129237426275785,44.81296963740508,7.797288317603325,0
2025-11-07 02:32:55.939672,0.49812261045353784,43.163583224450456,7.841052963938335,0
2025-11-07 02:32:57.939672,0.44819339839223116,42.83395934476744,8.318681907196687,0
2025-11-07 02:32:59.939672,0.3901709716043958,46.10123426761168,7.889874938232064,0
2025-11-07 02:33:01.939672,0.33150717695924886,44.137270713148375,8.394446328210398,0
2025-11-07 02:33:03.939672,0.3416763491724126,45.35563494268169,7.902434753932872,0
2025-11-07 02:33:05.939672,0.31395256040419944,43.918891757887764,7.534007385933849,0
2025-11-07 02:33:07.939672,0.4058649925879833,46.3047165263879,7.88807859766298,0
2025-11-07 02:33:09.939672,0.4514441229451874,43.90487939499397,7.629201664732259,0
2025-11-07 02:33:11.939672,0.40527153498658364,46.61896974754552,7.821724732365223,0
2025-11-07 02:33:13.939672,0.3322990107194001,44.659696854769074,7.6757897764622705,0
2025-11-07 02:33:15.939672,0.313527427165484,41.63531247613025,7.90074957090316,0
2025-11-07 02:33:17.939672,0.3851868259957272,44.14684519177782,7.711637351294644,0
2025-11-07 02:33:19.939672,0.3494210014466098,43.483669021564076,8.146461254759615,0
2025-11-07 02:33:21.939672,0.5174209138026618,45.12862930845626,7.649744246992873,0
2025-11-07 02:33:23.939672,0.4072790670697774,42.544902792070836,8.08470880489401,0
2025-11-07 02:33:25.939672,0.3622197776732789,44.31757208983742,7.926290477381224,0
2025-11-07 02:33:27.939672,0.41570948741088093,45.624206356868946,7.519727229432963,0
2025-11-07 02:33:29.939672,0.38140107895865943,44.609990230353546,7.613326592869777,0
2025-11-07 02:33:31.939672,0.5309875735516613,46.26095482651289,7.656127070207239,0
2025-11-07 02:33:33.939672,0.4421160669446987,44.34153074134739,7.891763982345427,0
2025-11-07 02:33:35.939672,0.465256194872614,43.710053639644116,7.87904889411843,0
2025-11-07 02:33:37.939672,0.4045842473799197,44.45580175765996,7.649619406873179,0
2025-11-07 02:33:39.939672,0.3948266059691624,44.81257482179128,8.713606930359447,0
2025-11-07 02:33:41.939672,0.33572727630180027,44.92675620117092,8.244402296241379,0
2025-11-07 02:33:43.939672,0.4735241636807693,41.03401457924864,8.258772441499847,0
2025-11-07 02:33:45.939672,0.34621274017470294,45.94668553513285,8.214092334712069,0
2025-11-07 02:33:47.939672,0.3736033705102182,43.6700891068004,8.133828697105354,0
2025-11-07 02:33:49.939672,0.3957422455726524,44.17225411998819,8.149530343569907,0
2025-11-07 02:33:51.939672,0.42440601228153646,45.107273598326046,7.958740099993447,0
2025-11-07 02:33:53.939672,0.2960744180356334,44.37239975590641,8.050102588609866,0
2025-11-07 02:33:55.939672,0.3235114388966749,44.64894923063804,7.8222039970098,0
2025-11-07 02:33:57.939672,0.3265388886898422,44.36502173222414,8.522298170312135,0
2025-11-07 02:33:59.939672,0.37090124521571155,43.32520798055439,7.94944915185358,0
2025-11-07 02:34:01.939672,0.42350832739907085,47.51324065170072,8.206371825957039,0
2025-11-07 02:34:03.939672,0.44610127424944623,44.60278918462034,7.802573319348539,0
2025-11-07 02:34:05.939672,0.2931353935004092,45.96268634163226,7.8626045995861755,0
2025-11-07 02:34:07.939672,0.36228513615007124,42.4365091205179,8.075539312596097,0
2025-11-07 02:34:09.939672,0.4609065145550289,44.316858572268266,8.252337664615135,0
2025-11-07 02:34:11.939672,0.4035790627416168,45.87216733149045,7.868672140530389,0
2025-11-07 02:34:13.939672,0.503097920841859,41.97730831363528,7.773443226444404,0
2025-11-07 02:34:15.939672,0.530754274660554,43.84544588205532,8.013327018311903,0
2025-11-07 02:34:17.939672,0.4092336332682857,48.35190157643456,7.973269522896535,0
2025-11-07 02:34:19.939672,0.45232270362262955,45.606823634082566,8.140819954483748,0
2025-11-07 02:34:21.939672,0.38394235044527664,42.07239308403953,8.053366180392977,0
2025-11-07 02:34:23.939672,0.5149485162959888,45.93851034229256,8.053622814828898,0
2025-11-07 02:34:25.939672,0.40767953967244064,46.41384500040055,7.895807044625569,0
2025-11-07 02:34:27.939672,0.5179280835493885,45.10078650058433,8.172056648526263,0
2025-11-07 02:34:29.939672,0.47095691448767973,42.3413354078807,7.303457422457106,0
2025-11-07 02:34:31.939672,0.39322732567270596,44.806106492064934,8.008018869723113,0
2025-11-07 02:34:33.939672,0.3797266701201271,43.31392028349762,8.475641226188356,0
2025-11-07 02:34:35.939672,0.4609611600707106,45.633057696570795,8.379305772340683,0
2025-11-07 02:34:37.939672,0.3324836932415986,46.859951097629555,7.933907238942093,0
2025-11-07 02:34:39.939672,0.45554034462174997,45.587683362625654,7.422949704450451,0
2025-11-07 02:34:41.939672,0.3567779472551911,46.20851114949844,7.825358265741694,0
2025-11-07 02:34:43.939672,0.39649652216276154,44.99241104436458,8.350230949616206,0
2025-11-07 02:34:45.939672,0.350440348978181,45.56989925025101,8.098582733092472,0
2025-11-07 02:34:47.939672,0.38456293413901727,44.14723778617939,7.758055827299958,0
2025-11-07 02:34:49.939672,0.36056567497991887,45.69503807311743,8.036713950664595,0
2025-11-07 02:34:51.939672,0.4695993463771256,44.34391831918027,7.139500948038563,0
2025-11-07 02:34:53.939672,0.44009629521831223,46.591515899720385,7.8957358939577444,0
2025-11-07 02:34:55.939672,0.3102744489040909,43.32367212509,7.8870938874724885,0
2025-11-07 02:34:57.939672,0.35694127396591097,46.29223048023026,7.979890630374153,0
2025-11-07 02:34:59.939672,0.45707064819546445,43.62265420288734,7.728214384650104,0
2025-11-07 02:35:01.939672,0.37630043006168645,46.27101536829096,8.144147745149247,0
2025-11-07 02:35:03.939672,0.34628427593363453,45.66738460496924,8.300717933724949,0
2025-11-07 02:35:05.939672,0.3439528885359455,44.2479696652379,8.007406410401115,0
2025-11-07 02:35:07.939672,0.27972758520731916,44.65616899885894,8.10886840599671,0
2025-11-07 02:35:09.939672,0.42173662845550647,46.95413484103466,8.067320927149009,0
2025-11-07 02:35:11.939672,0.44484079097723844,43.94365973172404,7.74889897908545,0
2025-11-07 02:35:13.939672,0.4880623207519578,46.71865435940171,7.964274451323872,0
2025-11-07 02:35:15.939672,0.44767407074917787,44.97932562845703,8.189920573106619,0
2025-11-07 02:35:17.939672,0.3465476697255178,46.19645096549434,8.19471970811294,0
2025-11-07 02:35:19.939672,0.4241038250007439,44.679375667581375,8.09154454638543,0
2025-11-07 02:35:21.939672,0.42087914485391653,46.72060526942828,8.174722992042584,0
2025-11-07 02:35:23.939672,0.4403337770791996,45.59462396969922,7.991585428965084,0
2025-11-07 02:35:25.939672,0.3805511500316093,46.35750439399779,7.844508607336375,0
2025-11-07 02:35:27.939672,0.40653291953352005,45.31002028290971,7.782756152324336,0
2025-11-07 02:35:29.939672,0.4448964957043674,45.07550923238599,7.892360788433181,0
2025-11-07 02:35:31.939672,0.38248970462960136,44.004149234202345,8.124657260342188,0
2025-11-07 02:35:33.939672,0.45807746477324474,44.22648114831077,8.08474460468532,0
2025-11-07 02:35:35.939672,0.43780997873620936,44.79817743549705,7.955108946502126,0
2025-11-07 02:35:37.939672,0.4794934729850236,44.14540750423909,8.172399891146675,0
2025-11-07 02:35:39.939672,0.4656221649121232,42.94191602049986,7.711638823094695,0
2025-11-07 02:35:41.939672,0.36096019758672515,47.74927775460162,8.42193692780708,0
2025-11-07 02:35:43.939672,0.4031955155249304,47.109824809613905,8.31163928195833,0
2025-11-07 02:35:45.939672,0.3469665431056751,44.94335042306804,8.657977899821567,0
2025-11-07 02:35:47.939672,0.41454581819386693,43.12867908996176,8.09143894374618,0
2025-11-07 02:35:49.939672,0.4213237326436233,46.16151580211178,7.847575514404934,0
2025-11-07 02:35:51.939672,0.39829464681563875,44.80827389930803,7.994019544849481,0
2025-11-07 02:35:53.939672,0.3697185985773915,44.95304321858314,7.96075047452993,0
2025-11-07 02:35:55.939672,0.4057500167836909,46.73931226143504,7.85102914144693,0
2025-11-07 02:35:57.939672,0.378814751035187,46.42378219335787,8.283371591421112,0
2025-11-07 02:35:59.939672,0.5051878366087119,44.61679363365204,7.760830365779889,0
2025-11-07 02:36:01.939672,0.4067532171897337,45.98248113972367,8.266862752284732,0
2025-11-07 02:36:03.939672,0.4612638080333559,41.77365532409529,8.239410493592969,0
2025-11-07 02:36:05.939672,0.3409751992761025,45.27467029341983,8.259071921123335,0
2025-11-07 02:36:07.939672,0.44911537839253385,50.16001119353803,7.8616336602104475,0
2025-11-07 02:36:09.939672,0.36414467720781,43.96412970075661,7.966254393314168,0
2025-11-07 02:36:11.939672,0.38368257535097466,44.338915639968874,7.940817930947523,0
2025-11-07 02:36:13.939672,0.4220821804232738,45.91033077824271,7.555250593178515,0
2025-11-07 02:36:15.939672,0.5055937783119586,44.34002052333262,8.244513357480407,0
2025-11-07 02:36:17.939672,0.43889335479301955,46.0126842946482,8.146301484969326,0
2025-11-07 02:36:19.939672,0.419942291254249,45.644373417183814,7.7746650053241355,0
2025-11-07 02:36:21.939672,0.39893115674160573,46.99538352930017,8.281892322561227,0
2025-11-07 02:36:23.939672,0.3348188072818209,43.011124214188975,8.08508062476904,0
2025-11-07 02:36:25.939672,0.369605291571213,42.33990951094192,7.734997780157826,0
2025-11-07 02:36:27.939672,0.43850462127170625,48.62626680014613,7.984788955650644,0
2025-11-07 02:36:29.939672,0.3438819804611379,46.20992986833572,8.15812590524158,0
2025-11-07 02:36:31.939672,0.40354918371869825,45.33256362774472,7.9913829564230126,0
2025-11-07 02:36:33.939672,0.3772153502534286,42.62682322792647,8.13488132190705,0
2025-11-07 02:36:35.939672,0.32836481318920857,45.41236463268139,7.886736046003779,0
2025-11-07 02:36:37.939672,0.43277826352261795,43.769406857934634,7.782328072563078,0
2025-11-07 02:36:39.939672,0.4570495017961928,42.6080299723056,7.549654167946384,0
2025-11-07 02:36:41.939672,0.4402375739833911,42.844531720190616,8.405301724009536,0
2025-11-07 02:36:43.939672,0.41008371514083836,44.58671903392035,8.013850285566194,0
2025-11-07 02:36:45.939672,0.30385091879708287,43.33954135752629,8.200738783802485,0
2025-11-07 02:36:47.939672,0.41082920805877116,44.57978113259185,7.680247654503644,0
2025-11-07 02:36:49.939672,0.4310659658633365,44.38286321781776,8.378663551760305,0
2025-11-07 02:36:51.939672,0.3920146272039396,45.47426590275106,7.429812021928037,0
2025-11-07 02:36:53.939672,0.3582628389704971,46.550186773584315,8.113327902252447,0
2025-11-07 02:36:55.939672,0.41020990938582125,46.609754033509425,7.904984485008993,0
2025-11-07 02:36:57.939672,0.46808390535333455,45.70615011790748,7.856412505072911,0
2025-11-07 02:36:59.939672,0.452398764638694,44.060685755691075,8.015702016782738,0
2025-11-07 02:37:01.939672,0.4735688510509705,45.369674517571994,7.562311457246683,0
2025-11-07 02:37:03.939672,0.459247106723317,43.82858967717383,8.075594428674576,0
2025-11-07 02:37:05.939672,0.32346323385749787,43.69251673790629,8.053610508104997,0
2025-11-07 02:37:07.939672,0.3913738135855944,43.812477309848234,8.738032573272054,0
2025-11-07 02:37:09.939672,0.4877714483675406,46.252521423533786,8.120971074578039,0
2025-11-07 02:37:11.939672,0.36037457241901993,47.90545568302016,8.001193247560735,0
2025-11-07 02:37:13.939672,0.4506423937800605,42.394065737652,8.163440614904227,0
2025-11-07 02:37:15.939672,0.39535072352803446,45.250887815546974,8.462655871899745,0
2025-11-07 02:37:17.939672,0.3914947216412704,45.85307925995356,7.907768819913661,0
2025-11-07 02:37:19.939672,0.4192901738011925,44.225673356854834,7.7131600985038125,0
2025-11-07 02:37:21.939672,0.4325163542552668,45.52852673932429,7.593300330281346,0
2025-11-07 02:37:23.939672,0.47715529648184,47.372209110639645,8.064601346929347,0
2025-11-07 02:37:25.939672,0.44078359300797804,47.72782133569973,8.309992107613146,0
2025-11-07 02:37:27.939672,0.41172777952695283,44.66449783877449,8.003515021960755,0
2025-11-07 02:37:29.939672,0.30209862295551304,45.66397678641859,7.790415482726473,0
2025-11-07 02:37:31.939672,0.4694443274725589,43.37898804670352,8.418982519053829,0
2025-11-07 02:37:33.939672,0.5288363124496657,44.54769171654544,8.073980939764938,0
2025-11-07 02:37:35.939672,0.47254662177342693,42.13174336084991,7.800383194892645,0
2025-11-07 02:37:37.939672,0.4505402816269001,45.389922372359514,8.246964839755346,0
2025-11-07 02:37:39.939672,0.39795711326328753,44.6298852433882,8.250845117384603,0
2025-11-07 02:37:41.939672,0.3790905071918403,45.61202887627432,8.136197590120588,0
2025-11-07 02:37:43.939672,0.4105537840988126,44.70883453983226,8.339097501731302,0
2025-11-07 02:37:45.939672,0.4514252758165286,45.41696558698744,7.499609671793726,0
2025-11-07 02:37:47.939672,0.4062052547378993,45.08036769293598,8.378186479316005,0
2025-11-07 02:37:49.939672,0.3878506951833722,46.01123295072639,7.752218339183201,0
2025-11-07 02:37:51.939672,0.40455400620644805,45.88610034097794,7.8707017807628565,0
2025-11-07 02:37:53.939672,0.37133485742335687,44.393514384327766,8.177937037358634,0
2025-11-07 02:37:55.939672,0.4488095276922846,44.12487370026578,8.276509125958016,0
2025-11-07 02:37:57.939672,0.4793079642116844,45.76874797250553,7.913738703918008,0
2025-11-07 02:37:59.939672,0.4105351800928438,43.871686934090576,8.433274143132442,0
2025-11-07 02:38:01.939672,0.37657067784372183,44.362342680822756,8.632585716118525,0
2025-11-07 02:38:03.939672,0.3849231434462173,43.52562557983021,8.283020135304957,0
2025-11-07 02:38:05.939672,0.35925266223694613,47.54103419349728,8.118996158283128,0
2025-11-07 02:38:07.939672,0.29473775196661856,45.232004604605855,8.265066153016766,0
2025-11-07 02:38:09.939672,0.46496190608611954,43.86285437794468,7.886979964248744,0
2025-11-07 02:38:11.939672,0.38800732364708385,43.69663132925762,7.770438410054694,0
2025-11-07 02:38:13.939672,0.38497180865142616,43.755238625381125,7.221635054151115,0
2025-11-07 02:38:15.939672,0.39342132870565416,43.73957372030312,7.831749218526444,0
2025-11-07 02:38:17.939672,0.5270472150953442,44.828918981008876,8.223325736275546,0
2025-11-07 02:38:19.939672,0.3572846218645617,44.843723242221905,7.897835459024677,0
2025-11-07 02:38:21.939672,0.4647327887778238,48.00942147350345,7.890520320601707,0
2025-11-07 02:38:23.939672,0.4481885682517036,44.003884148824085,8.104206381729218,0
2025-11-07 02:38:25.939672,0.3318438616592114,44.17665631324544,8.149100797858488,0
2025-11-07 02:38:27.939672,0.39376568754683844,45.45911996309435,7.91510114999415,0
2025-11-07 02:38:29.939672,0.4077051153269267,44.485140069915666,7.910940372978297,0
2025-11-07 02:38:31.939672,0.40779141915235834,44.21334059888097,8.346308294427066,0
2025-11-07 02:38:33.939672,0.37091435276655965,45.55117348528418,7.999772124102743,0
2025-11-07 02:38:35.939672,0.39882254850064686,42.793214915614286,7.7084843647221515,0
2025-11-07 02:38:37.939672,0.3970320621231798,44.671897027617675,7.683696097499845,0
2025-11-07 02:38:39.939672,0.4404891241054364,45.67015454979528,7.705399825729628,0
2025-11-07 02:38:41.939672,0.3576720794562167,47.01747054343522,7.466476086278797,0
2025-11-07 02:38:43.939672,0.4201539245455493,44.7704253082224,7.630075862549864,0
2025-11-07 02:38:45.939672,0.35154935789193265,43.858141074941834,7.846162342767748,0
2025-11-07 02:38:47.939672,0.426726261945698,47.793007842411484,8.108125459548441,0
2025-11-07 02:38:49.939672,0.3881701490384389,45.66428160529636,8.137108485789001,0
2025-11-07 02:38:51.939672,0.4378261075345629,44.20895318448407,7.868094803080118,0
2025-11-07 02:38:53.939672,0.4078066661608624,44.67962680994436,7.811078812003547,0
2025-11-07 02:38:55.939672,0.2695324766861033,47.425356530787106,7.9847741637926575,0
2025-11-07 02:38:57.939672,0.420899231366949,47.67635465519604,8.02821458154633,0
2025-11-07 02:38:59.939672,0.4322651096256965,44.32889170894312,8.117618808869123,0
2025-11-07 02:39:01.939672,0.3514667344448979,44.19987520375098,8.447665578674632,0
2025-11-07 02:39:03.939672,0.37586249244477915,43.243133577436986,7.889961788480056,0
2025-11-07 02:39:05.939672,0.3946475488181892,44.950569396520635,8.464959932330151,0
2025-11-07 02:39:07.939672,0.29387607699887247,47.92358139085829,7.6339881803759555,0
2025-11-07 02:39:09.939672,0.4163180092880242,47.67159751981785,7.475097382758291,0
2025-11-07 02:39:11.939672,0.36547406409263,46.50961255324285,8.040096763119521,0
2025-11-07 02:39:13.939672,0.396566073162442,45.062392769284244,7.473647148872839,0
2025-11-07 02:39:15.939672,0.4292008340975127,44.905816798200426,8.194827156213417,0
2025-11-07 02:39:17.939672,0.4073703502512724,42.48136873383381,8.008024373017003,0
2025-11-07 02:39:19.939672,0.3841285429245634,43.80129127441848,7.638674529011892,0
2025-11-07 02:39:21.939672,0.296612548132771,45.16477007367501,8.242493182603873,0
2025-11-07 02:39:23.939672,0.30801012849100795,45.109677107250384,7.6149001270785295,0
2025-11-07 02:39:25.939672,0.3842630207837026,46.55749428865542,8.43345445778806,0
2025-11-07 02:39:27.939672,0.2900227120051946,43.46577336866873,7.99053833914857,0
2025-11-07 02:39:29.939672,0.39363779571439833,44.19113643633923,7.876203580085186,0
2025-11-07 02:39:31.939672,0.36309038821239953,43.00988326697377,8.553366152750455,0
2025-11-07 02:39:33.939672,0.35696683749725644,45.7064716606239,8.416070750622454,0
2025-11-07 02:39:35.939672,0.46787626604992666,45.32909320246876,8.275995453452971,0
2025-11-07 02:39:37.939672,0.4169635762654438,44.95435586498315,8.273440947822737,0
2025-11-07 02:39:39.939672,0.4731424668500497,45.06209013649296,7.733149300479879,0
2025-11-07 02:39:41.939672,0.3093809350995652,45.26795520671358,8.375236884128586,0
2025-11-07 02:39:43.939672,0.3306133748632904,46.35795792457535,7.880964373320147,0
2025-11-07 02:39:45.939672,0.430528032750423,44.1956408334186,7.886371636531975,0
2025-11-07 02:39:47.939672,0.32687846694246947,44.95983882750732,8.077700262885669,0
2025-11-07 02:39:49.939672,0.450071842543812,43.225926981495284,8.299889646488218,0
2025-11-07 02:39:51.939672,0.30105095351190314,45.43919318387907,8.367519248247424,0
2025-11-07 02:39:53.939672,0.39743786878452503,46.49530057634793,8.075564305453748,0
2025-11-07 02:39:55.939672,0.31136269097161107,45.15928057242625,8.29181230901937,0
2025-11-07 02:39:57.939672,0.2873882276638794,46.21952412945339,8.086596955877788,0
2025-11-07 02:39:59.939672,0.3956720567557324,44.79097172878014,8.32585581319909,0
2025-11-07 02:40:01.939672,0.37881008162101415,44.42107326811524,7.948516519934354,0
2025-11-07 02:40:03.939672,0.4548423332708294,44.87092400618302,8.207846531144325,0
2025-11-07 02:40:05.939672,0.4176121579956888,45.58545555421649,8.161945904287183,0
2025-11-07 02:40:07.939672,0.4141944682266191,48.06432459380541,7.7441803686812705,0
2025-11-07 02:40:09.939672,0.4633420388733259,45.286154797986775,8.410381098753367,0
2025-11-07 02:40:11.939672,0.4690449548862555,46.901224639208934,8.62043183587445,0
2025-11-07 02:40:13.939672,0.40140866317460444,44.49234395824417,8.476602007536053,0
2025-11-07 02:40:15.939672,0.39575774480235315,47.30221840242437,7.97627412494455,0
2025-11-07 02:40:17.939672,0.43278265964119744,46.76610153973471,8.076575039455916,0
2025-11-07 02:40:19.939672,0.4033778007963649,46.3076589407559,8.690087355915475,0
2025-11-07 02:40:21.939672,0.42089748032220625,45.13443226631018,7.727855897310986,0
2025-11-07 02:40:23.939672,0.4394859854229624,47.672899240701824,8.261245169274098,0
2025-11-07 02:40:25.939672,0.34886446736616755,47.16018291564323,7.621725451414686,0
2025-11-07 02:40:27.939672,0.40756621872594606,44.443723362760466,7.546838078255525,0
2025-11-07 02:40:29.939672,0.37663452996905367,44.90405808935621,8.036210230409711,0
2025-11-07 02:40:31.939672,0.3961690071188899,43.56940962092621,7.661661454239032,0
2025-11-07 02:40:33.939672,0.24234069253094942,45.873862764067816,8.269874338369062,0
2025-11-07 02:40:35.939672,0.34426943462979853,46.303470888612324,7.3236479979648985,0
2025-11-07 02:40:37.939672,0.45442565075306973,44.95042108291126,7.633409415547576,0
2025-11-07 02:40:39.939672,0.45925764453375356,47.446571201300316,7.923451375787574,0
2025-11-07 02:40:41.939672,0.3848658318859444,45.249205483250456,8.361388474133799,0
2025-11-07 02:40:43.939672,0.41038065840139887,46.49738635259357,8.18689967110137,0
2025-11-07 02:40:45.939672,0.3510111601525026,46.8727537556015,8.157472500435917,0
2025-11-07 02:40:47.939672,0.40308744530420076,44.35031281369077,8.471834336051154,0
2025-11-07 02:40:49.939672,0.41718551279084604,45.524327707683724,8.164523374445702,0
2025-11-07 02:40:51.939672,0.2910589495587166,47.980380128790614,7.726463257899627,0
2025-11-07 02:40:53.939672,0.4703226898668023,45.785001283562565,7.025714832622521,0
2025-11-07 02:40:55.939672,0.387874891721569,44.64338382623838,7.93304820524368,0
2025-11-07 02:40:57.939672,0.3948171880089804,42.408274801950654,8.508991853920584,0
2025-11-07 02:40:59.939672,0.3447580697150143,44.890326742498445,7.948148863342318,0
2025-11-07 02:41:01.939672,0.4187869039938879,45.93423904831946,8.054742557247307,0
2025-11-07 02:41:03.939672,0.3701732376401067,45.74743717201866,7.550251791650691,0
2025-11-07 02:41:05.939672,0.3920811901340728,43.029970033695115,7.691447372781749,0
2025-11-07 02:41:07.939672,0.42910143276058005,46.16655227765705,7.53438937548047,0
2025-11-07 02:41:09.939672,0.3873956367716132,47.75625397188381,7.8639654565016235,0
2025-11-07 02:41:11.939672,0.4012756141662815,47.847281436630794,7.546576725151463,0
2025-11-07 02:41:13.939672,0.33256841539147003,42.24566446163135,8.578783791835663,0
2025-11-07 02:41:15.939672,0.36625427648678865,44.396192813586225,8.079662390529801,0
2025-11-07 02:41:17.939672,0.361205728747972,45.93111651398326,8.017935104755523,0
2025-11-07 02:41:19.939672,0.4243866137560058,45.94895912360838,8.412480988185736,0
2025-11-07 02:41:21.939672,0.33917811495406647,46.33690927380713,8.199606905430619,0
2025-11-07 02:41:23.939672,0.4555708611049806,45.668449275447934,7.9869278581556875,0
2025-11-07 02:41:25.939672,0.4199735871968728,46.674131262497504,8.144898051572358,0
2025-11-07 02:41:27.939672,0.48252928920304117,47.9321726982317,8.061389318876033,0
2025-11-07 02:41:29.939672,0.44168434737140366,44.091666231122375,7.428254276167434,0
2025-11-07 02:41:31.939672,0.4268299697891637,43.00378997390412,7.748308782404861,0
2025-11-07 02:41:33.939672,0.361086427941167,44.352060078224916,7.415910037243244,0
2025-11-07 02:41:35.939672,0.5221329383837258,44.50464404727438,8.06693968699482,0
2025-11-07 02:41:37.939672,0.3693626979862701,47.22457132919438,8.063208943985936,0
2025-11-07 02:41:39.939672,0.4886531572548353,45.37744950967192,8.125884095704317,0
2025-11-07 02:41:41.939672,0.42501415687342253,43.02039510525044,8.095540269928609,0
2025-11-07 02:41:43.939672,0.503020259834971,45.132694650388075,8.42534284839157,0
2025-11-07 02:41:45.939672,0.42078206798836465,48.25382509753413,8.016361289698532,0
2025-11-07 02:41:47.939672,0.42607718146179147,45.55104961013443,7.46731220511844,0
2025-11-07 02:41:49.939672,0.4102239717348391,42.954490090981054,8.18131582534968,0
2025-11-07 02:41:51.939672,0.4509957422171177,44.03905339618582,8.490099157746439,0
2025-11-07 02:41:53.939672,0.46310151779735215,42.6443708575759,8.036371622924555,0
2025-11-07 02:41:55.939672,0.4707442923293213,42.91240216112369,7.8709432074193115,0
2025-11-07 02:41:57.939672,0.41144038383186154,42.70363955021371,8.26954320553023,0
2025-11-07 02:41:59.939672,0.40567766660647714,42.73309102440103,7.806897259167851,0
2025-11-07 02:42:01.939672,0.37116571849916336,43.705576664507795,7.785609827609516,0
2025-11-07 02:42:03.939672,0.31971529229409146,45.97136263139776,7.766477480130127,0
2025-11-07 02:42:05.939672,0.35624342133928594,44.66793035357206,7.55460599419113,0
2025-11-07 02:42:07.939672,0.36792817614682255,43.93864318324791,8.065386797174105,0
2025-11-07 02:42:09.939672,0.46551876380962737,45.9506360761367,8.12230769530682,0
2025-11-07 02:42:11.939672,0.4419607312469793,44.43870674302406,7.6832933740449105,0
2025-11-07 02:42:13.939672,0.4878002085484863,46.58140802145763,7.239917410587281,0
2025-11-07 02:42:15.939672,0.41513763477582466,44.847085636090924,7.625689308847063,0
2025-11-07 02:42:17.939672,0.4299875976554019,43.258678022878435,7.515043200700012,0
2025-11-07 02:42:19.939672,0.4447567559326692,48.012684313703936,8.58894388864945,0
2025-11-07 02:42:21.939672,0.3959575356876017,43.990645154589835,8.171605155511784,0
2025-11-07 02:42:23.939672,0.389328318908186,46.17875106619494,8.041808404038912,0
2025-11-07 02:42:25.939672,0.4046746712261277,44.359468388612825,8.065409407468879,0
2025-11-07 02:42:27.939672,0.4482938519733454,44.944171470672785,8.065248607815333,0
2025-11-07 02:42:29.939672,0.4004112852493035,44.58625259593047,8.292690740238472,0
2025-11-07 02:42:31.939672,0.38721387071915087,46.76249501185988,7.502512059325934,0
2025-11-07 02:42:33.939672,0.32846231348054455,45.27208584011054,7.68572655103406,0
2025-11-07 02:42:35.939672,0.395646977940697,46.281681173518116,8.240435296183268,0
2025-11-07 02:42:37.939672,0.400700211662428,46.99867783097293,8.017306398965331,0
2025-11-07 02:42:39.939672,0.41290423137062526,46.95791745147496,8.51582608508923,0
2025-11-07 02:42:41.939672,0.46411011147402953,46.12773062941228,8.18253939173112,0
2025-11-07 02:42:43.939672,0.3439382172222739,43.560293913949444,8.174710263908935,0
2025-11-07 02:42:45.939672,0.40132679097439966,42.76569246625714,7.93956411724958,0
2025-11-07 02:42:47.939672,0.4858164306259197,44.97152275203358,7.83667504894689,0
2025-11-07 02:42:49.939672,0.3993370771047565,46.14919576357694,7.980141747587601,0
2025-11-07 02:42:51.939672,0.4318810429774433,43.80940085287201,7.570528737933858,0
2025-11-07 02:42:53.939672,0.4280350541975779,42.062171487187044,7.975702971229871,0
2025-11-07 02:42:55.939672,0.3741212632920861,44.02264079105194,7.703765748193283,0
2025-11-07 02:42:57.939672,0.41929358266938194,44.17098324092872,8.301506474901284,0
2025-11-07 02:42:59.939672,0.43096775875037546,45.08972316185927,8.22164670632,0
2025-11-07 02:43:01.939672,0.4071857202846461,44.72473248380746,8.255794451397467,0
2025-11-07 02:43:03.939672,0.44209682443121967,42.48176125155617,8.001758332296074,0
2025-11-07 02:43:05.939672,0.47787168928088863,44.92569294973306,8.342316380638533,0
2025-11-07 02:43:07.939672,0.34450111448965387,43.64706530440506,7.998476284863005,0
2025-11-07 02:43:09.939672,0.32586585839312193,42.003534901206706,7.891204814375203,0
2025-11-07 02:43:11.939672,0.37852922195472327,42.73289885094635,8.09150190664721,0
2025-11-07 02:43:13.939672,0.28862456654870866,43.495893842478395,8.093233631257768,0
2025-11-07 02:43:15.939672,0.4287324623016261,48.18284038837449,7.611593724555035,0
2025-11-07 02:43:17.939672,0.4829948358780816,47.01383911230624,8.34744945023217,0
2025-11-07 02:43:19.939672,0.34527736991627667,41.50108087924354,7.907544698391543,0
2025-11-07 02:43:21.939672,0.3392145845676526,46.736223890887324,8.068328791677015,0
2025-11-07 02:43:23.939672,0.4116002329730636,46.39201903691528,8.07152299593451,0
2025-11-07 02:43:25.939672,0.47586694746866626,45.22667297508452,8.386012645215382,0
2025-11-07 02:43:27.939672,0.4300560509574982,44.08053746352632,8.35734210298253,0
2025-11-07 02:43:29.939672,0.4980768208985151,46.34463425648366,8.15922153568244,0
2025-11-07 02:43:31.939672,0.4313118920437604,45.90288983032801,7.916352901175,0
2025-11-07 02:43:33.939672,0.44495830513173973,41.01016442445063,8.10783537966659,0
2025-11-07 02:43:35.939672,0.25673138767968917,45.469771717833055,8.307374442804848,0
2025-11-07 02:43:37.939672,0.4403009260591477,47.788798920499836,8.068170862617208,0
2025-11-07 02:43:39.939672,0.34176439047823387,43.89826031878736,8.273524124771122,0
2025-11-07 02:43:41.939672,0.4852031849301205,45.76425497327629,8.102027034756292,0
2025-11-07 02:43:43.939672,0.4129801226943415,45.18751079890145,7.86385589454055,0
2025-11-07 02:43:45.939672,0.4096143933623568,44.92721205668978,8.014175411023658,0
2025-11-07 02:43:47.939672,0.5278450824561539,44.652824143598764,8.170281800580137,0
2025-11-07 02:43:49.939672,0.44284220966376797,45.85132638002188,8.309389496009226,0
2025-11-07 02:43:51.939672,0.40357700799578433,44.6915457522484,7.741470548441121,0
2025-11-07 02:43:53.939672,0.38136217433526404,46.68594760614827,8.235661980348599,0
2025-11-07 02:43:55.939672,0.42313502406158554,43.15487909717117,7.831500601968642,0
2025-11-07 02:43:57.939672,0.3692235939757909,47.477603393416636,8.103838303598726,0
2025-11-07 02:43:59.939672,0.4534775787993652,43.009952148852435,7.317901771925565,0
2025-11-07 02:44:01.939672,0.33883359522765705,44.49541021014129,8.334080701866167,0
2025-11-07 02:44:03.939672,0.4293921321660978,46.37173757781974,8.16505836722528,0
2025-11-07 02:44:05.939672,0.35632577739427773,48.15880225455391,7.99065826583847,0
2025-11-07 02:44:07.939672,0.4290349321901152,46.30347463868952,8.060882685988677,0
2025-11-07 02:44:09.939672,0.4490323256427624,44.70475383590963,8.298269221528999,0
2025-11-07 02:44:11.939672,0.3593685620927298,45.543034780249435,8.07800993415821,0
2025-11-07 02:44:13.939672,0.34599511491760354,47.21711503881381,8.419188775593163,0
2025-11-07 02:44:15.939672,0.3781777985221869,43.29315019634835,8.187953122388317,0
2025-11-07 02:44:17.939672,0.45750615217932455,46.35775970216992,7.837375722817406,0
2025-11-07 02:44:19.939672,0.39935506638220697,45.60375454038123,7.881880458205255,0
2025-11-07 02:44:21.939672,0.3464680921383565,43.75187179754871,7.782581219534499,0
2025-11-07 02:44:23.939672,0.4537136253142929,46.29837398492894,7.854765096286068,0
2025-11-07 02:44:25.939672,0.33722200987497775,45.23799511011806,7.798617285874931,0
2025-11-07 02:44:27.939672,0.3754179016659021,45.72577860276828,8.029436299263647,0
2025-11-07 02:44:29.939672,0.4182486123627518,46.654969437647836,7.893010048685126,0
2025-11-07 02:44:31.939672,0.35102210713502763,41.354746080973015,7.727739376237969,0
2025-11-07 02:44:33.939672,0.42365783492218256,46.054838627470815,8.439720095962882,0
2025-11-07 02:44:35.939672,0.4148440293588791,43.69209383461541,8.072090231736663,0
2025-11-07 02:44:37.939672,0.3924750186341831,45.69019728617997,7.955421177471845,0
2025-11-07 02:44:39.939672,0.48082487419790015,42.19971299763928,8.037054169438031,0
2025-11-07 02:44:41.939672,0.3864114716854487,46.11411618163489,8.248542523471189,0
2025-11-07 02:44:43.939672,0.3437211209985889,48.43834836402507,7.716291001682997,0
2025-11-07 02:44:45.939672,0.39473709620980163,45.34001228557034,8.085025907480757,0
2025-11-07 02:44:47.939672,0.340658466225534,47.74904496144031,8.215789078144741,0
2025-11-07 02:44:49.939672,0.4089677392153787,45.4247231060159,8.562392929744005,0
2025-11-07 02:44:51.939672,0.38756230660469154,43.795841600349824,8.433822199455399,0
2025-11-07 02:44:53.939672,0.32224737546046384,47.66681920300469,8.06937257607676,0
2025-11-07 02:44:55.939672,0.4045398201416888,45.45330700257807,8.641073299450904,0
2025-11-07 02:44:57.939672,0.4593000022052282,44.73438965880029,7.562976897689297,0
2025-11-07 02:44:59.939672,0.36201358892991997,45.95670900836987,8.09480502682021,0
2025-11-07 02:45:01.939672,0.4433877545443257,44.61712794858246,8.251239137252485,0
2025-11-07 02:45:03.939672,0.5367609050958069,46.688642805828245,8.566699954267364,0
2025-11-07 02:45:05.939672,0.4197001869323552,42.35814422708416,8.202463390973923,0
2025-11-07 02:45:07.939672,0.42741366334370307,44.08908739523553,7.798020408793071,0
2025-11-07 02:45:09.939672,0.4249097875384151,44.642723843104505,8.054909405413413,0
2025-11-07 02:45:11.939672,0.359171157985599,44.29509561713514,8.523901891987446,0
2025-11-07 02:45:13.939672,0.36640817747949833,47.2588813910414,7.654859168663336,0
2025-11-07 02:45:15.939672,0.38945472007220283,43.373026151320914,7.9993603133369,0
2025-11-07 02:45:17.939672,0.4473887924009603,45.83997060359408,8.035889782713912,0
2025-11-07 02:45:19.939672,0.4077205581557083,45.633780714699775,8.186534368557641,0
2025-11-07 02:45:21.939672,0.44108979247980823,42.17189631442571,7.324189456618499,0
2025-11-07 02:45:23.939672,0.39561397765049205,47.236953661604126,8.303804372563336,0
2025-11-07 02:45:25.939672,0.4260373403478572,45.65115415184086,8.238091708968675,0
2025-11-07 02:45:27.939672,0.4359346011138762,42.78804410839267,7.811823346739933,0
2025-11-07 02:45:29.939672,0.4641879160995122,43.24524686368484,7.878136057751037,0
2025-11-07 02:45:31.939672,0.3735916747991025,45.3592313659317,8.937833499246517,0
2025-11-07 02:45:33.939672,0.3725079793407377,42.80142055356399,7.715218700244701,0
2025-11-07 02:45:35.939672,0.386412381908194,44.05271795793102,8.504847473689946,0
2025-11-07 02:45:37.939672,0.40057860319670724,47.074450469864445,8.03951615657615,0
2025-11-07 02:45:39.939672,0.35821038945096106,46.38413697507198,7.991122375579436,0
2025-11-07 02:45:41.939672,0.4093012905123936,45.0507905676295,7.921476859714666,0
2025-11-07 02:45:43.939672,0.43691244425709636,45.85186072524558,8.50408666991185,0
2025-11-07 02:45:45.939672,0.3806319156944306,43.7560923698144,7.700433818811303,0
2025-11-07 02:45:47.939672,0.3927417268050304,44.26542822636309,7.9135065776438145,0
2025-11-07 02:45:49.939672,0.49165708384280005,43.4757074158178,7.697391272534834,0
2025-11-07 02:45:51.939672,0.38142837734562685,45.42441129919581,7.961732655597071,0
2025-11-07 02:45:53.939672,0.4021749140554087,45.50790120715701,7.297890658221633,0
2025-11-07 02:45:55.939672,0.43581808029214886,46.09607824277195,8.24716647558485,0
2025-11-07 02:45:57.939672,0.41722126581626706,45.98930760694087,7.887971876895405,0
2025-11-07 02:45:59.939672,0.43738358098131874,46.06488724573703,7.9884718122380445,0
2025-11-07 02:46:01.939672,0.42982184252002026,45.528310859783595,8.227079649770312,0
2025-11-07 02:46:03.939672,0.39723425404072166,46.12080192526899,7.885056256502655,0
2025-11-07 02:46:05.939672,0.3777405946397288,45.03358282525665,8.123062507883429,0
2025-11-07 02:46:07.939672,0.3836397449886735,45.69268224329654,7.799959101241962,0
2025-11-07 02:46:09.939672,0.46399708445542037,44.571505256140455,8.081797937249025,0
2025-11-07 02:46:11.939672,0.4634582383073945,46.90371038139546,7.871664810496808,0
2025-11-07 02:46:13.939672,0.4244741364752251,43.80425344360579,8.057149394330256,0
2025-11-07 02:46:15.939672,0.4271601643622176,44.563980756485435,8.326101161779249,0
2025-11-07 02:46:17.939672,0.4380237015002306,44.00649308418915,8.126982304741958,0
2025-11-07 02:46:19.939672,0.29641843484479774,45.39693454111014,7.462913086176463,0
2025-11-07 02:46:21.939672,0.4130948115212598,44.27991081627471,7.951742663000485,0
2025-11-07 02:46:23.939672,0.40170333331763364,43.17418071409636,7.811406499458462,0
2025-11-07 02:46:25.939672,0.40637984759871815,45.46734203515957,8.332802999643569,0
2025-11-07 02:46:27.939672,0.4135506516325935,44.83505039298383,8.528198726220666,0
2025-11-07 02:46:29.939672,0.5223777512920901,47.13912784299255,7.643500546217529,0
2025-11-07 02:46:31.939672,0.4293612180253674,44.9241119595561,7.918792521327428,0
2025-11-07 02:46:33.939672,0.47062726367782165,43.428179015131995,7.941966010690417,0
2025-11-07 02:46:35.939672,0.502313328470339,45.83336907399838,7.436561469876392,0
2025-11-07 02:46:37.939672,0.5126536034326811,43.64636934971594,8.483538456728814,0
2025-11-07 02:46:39.939672,0.39059052691685997,45.30726574787343,7.9372082011689145,0
2025-11-07 02:46:41.939672,0.4345468749085672,43.412682536641626,7.757043990225892,0
2025-11-07 02:46:43.939672,0.3898579194486389,45.18836978899112,8.105107017442373,0
2025-11-07 02:46:45.939672,0.34445163543651275,45.37847229123189,7.5293626873286765,0
2025-11-07 02:46:47.939672,0.4574509405588789,45.411296035639786,8.46007663234227,0
2025-11-07 02:46:49.939672,0.3894205275395605,45.925715306733494,8.553948634883984,0
2025-11-07 02:46:51.939672,0.4711212002314329,42.38847371232409,7.681070174595321,0
2025-11-07 02:46:53.939672,0.4809178918221135,44.74882914303801,8.015395272809382,0
2025-11-07 02:46:55.939672,0.3832736493529086,46.36312767269481,8.262222095878363,0
2025-11-07 02:46:57.939672,0.3872152387660425,43.71089921673897,7.575153426138113,0
2025-11-07 02:46:59.939672,0.4803721232753926,42.305744167635886,7.839156032118051,0
2025-11-07 02:47:01.939672,0.4469436619888254,43.28485898581564,8.270249552601875,0
2025-11-07 02:47:03.939672,0.4062057510763033,47.47225783470877,8.342274474514655,0
2025-11-07 02:47:05.939672,0.3491448348859079,46.25166927682916,7.599912221910942,0
2025-11-07 02:47:07.939672,0.3992298857462963,43.55627707734157,7.774133038632057,0
2025-11-07 02:47:09.939672,0.3312444949975772,46.90591760271376,7.944794128111005,0
2025-11-07 02:47:11.939672,0.34120668182754677,43.72781738559353,8.531179032011227,0
2025-11-07 02:47:13.939672,0.41920802653021816,46.17092879202485,7.922532736280224,0
2025-11-07 02:47:15.939672,0.3880254577026558,45.00929352112713,8.153917349708063,0
2025-11-07 02:47:17.939672,0.29477271175342673,43.15329486245777,8.140975645585911,0
2025-11-07 02:47:19.939672,0.43362596238248735,46.84907175096851,8.25321907665062,0
2025-11-07 02:47:21.939672,0.39090886687179954,45.6950474815786,7.806186014168033,0
2025-11-07 02:47:23.939672,0.3876617524781162,46.04121573207724,8.153590965020554,0
2025-11-07 02:47:25.939672,0.3961540577776698,45.696679521227516,8.40702303653436,0
2025-11-07 02:47:27.939672,0.41036900147459804,45.71221224614218,8.080366271224028,0
2025-11-07 02:47:29.939672,0.4817819739705122,45.08531557758189,8.447330277056077,0
2025-11-07 02:47:31.939672,0.3593908973699321,47.212961297315374,7.839558274081595,0
2025-11-07 02:47:33.939672,0.4335739303149333,44.609504451987476,7.763555987218363,0
2025-11-07 02:47:35.939672,0.4785068086279198,45.900864474336885,8.307119711723558,0
2025-11-07 02:47:37.939672,0.405827608343447,43.9160743055493,7.506924515620424,0
2025-11-07 02:47:39.939672,0.386252761034647,45.494020885208435,8.16184729583329,0
2025-11-07 02:47:41.939672,0.3503270629796841,46.30632525575118,8.249134551490009,0
2025-11-07 02:47:43.939672,0.4253237321454534,44.08402386629732,7.785957126786076,0
2025-11-07 02:47:45.939672,0.37860560329481796,45.1845695369615,7.664887897618608,0
2025-11-07 02:47:47.939672,0.45453851766288833,45.10486768713985,8.154992065040378,0
2025-11-07 02:47:49.939672,0.4392006982225134,46.22559063917478,7.862370080397161,0
2025-11-07 02:47:51.939672,0.3621254230220328,48.40949784607108,7.920045858309746,0
2025-11-07 02:47:53.939672,0.3858932059167215,45.03058818689221,8.225094186843732,0
2025-11-07 02:47:55.939672,0.4692255019609065,45.570309963502865,7.805988921629632,0
2025-11-07 02:47:57.939672,0.43377791080963907,45.65433997690814,8.048893786533238,0
2025-11-07 02:47:59.939672,0.4240705260858472,47.01038600432358,8.138818806961687,0
2025-11-07 02:48:01.939672,0.41567613279732263,43.46354713099027,7.75666406384648,0
2025-11-07 02:48:03.939672,0.3851492222482787,43.761855984761425,7.873452250643016,0
2025-11-07 02:48:05.939672,0.315812151353581,42.5208951406652,7.950841921404775,0
2025-11-07 02:48:07.939672,0.3782217196491817,42.173073689966934,7.841734940603766,0
2025-11-07 02:48:09.939672,0.42409839144385225,46.24888785026182,7.902804200062511,0
2025-11-07 02:48:11.939672,0.43959112718079574,45.57605975758264,7.974775004266519,0
2025-11-07 02:48:13.939672,0.37448565033057696,43.700748062520596,8.636302013164434,0
2025-11-07 02:48:15.939672,0.4159870202651155,43.96728097894074,8.297736757921886,0
2025-11-07 02:48:17.939672,0.4979074815863698,45.609654279614794,8.404366198126262,0
2025-11-07 02:48:19.939672,0.3565736791730216,46.26753825538685,7.682948100746449,0
2025-11-07 02:48:21.939672,0.49501436812139127,41.802185042969086,7.66189736741714,0
2025-11-07 02:48:23.939672,0.4356798582689755,44.39287527188123,8.226475336263714,0
2025-11-07 02:48:25.939672,0.31944518846075554,44.938515319525784,8.47675980363131,0
2025-11-07 02:48:27.939672,0.35091321565288247,42.92898171605994,8.255979427107837,0
2025-11-07 02:48:29.939672,0.5030140202651701,47.00436363565474,7.863774859545717,0
2025-11-07 02:48:31.939672,0.318172339537064,45.0829518183934,8.10366484225825,0
2025-11-07 02:48:33.939672,0.33080239960419183,43.773709812616794,8.524805188081642,0
2025-11-07 02:48:35.939672,0.3260262767434141,45.47994398460031,7.750842958854435,0
2025-11-07 02:48:37.939672,0.35247009894433184,44.99071569182697,7.968328174336685,0
2025-11-07 02:48:39.939672,0.51047123024709,46.05294254202139,8.165218321475027,0
2025-11-07 02:48:41.939672,0.33981926238399296,45.56924214852715,8.13658767956212,0
2025-11-07 02:48:43.939672,0.3201468835074538,46.91026041466465,8.099178186172201,0
2025-11-07 02:48:45.939672,0.5019506212743068,46.244582869951,7.716144524171361,0
2025-11-07 02:48:47.939672,0.4019885200106323,45.20379669872643,7.587754291640387,0
2025-11-07 02:48:49.939672,0.4083035623537671,43.113929744905235,7.853668562628262,0
2025-11-07 02:48:51.939672,0.37812875008217717,45.89133419332122,7.599716060561425,0
2025-11-07 02:48:53.939672,0.24841165930465547,43.023477317805856,8.698684858725905,0
2025-11-07 02:48:55.939672,0.4990686993023588,46.177146186870324,7.641079943093446,0
2025-11-07 02:48:57.939672,0.364724445289046,45.16413696728925,7.90336638151118,0
2025-11-07 02:48:59.939672,0.42977592958291017,44.24838040094629,8.271122169899908,0
2025-11-07 02:49:01.939672,0.36643062286001477,46.24488525396214,7.840213915099415,0
2025-11-07 02:49:03.939672,0.3521131659381854,44.86639576702458,7.707129947052719,0
2025-11-07 02:49:05.939672,0.3504285912806786,44.54235487307141,7.80341032243821,0
2025-11-07 02:49:07.939672,0.41161773571391763,45.76444907756527,7.930508703445483,0
2025-11-07 02:49:09.939672,0.462056949522093,44.06386614806139,8.1752303449894,0
2025-11-07 02:49:11.939672,0.3914830805958233,43.89695977406963,8.432366544889383,0
2025-11-07 02:49:13.939672,0.34061798713282443,43.976480418332955,8.253160684375523,0
2025-11-07 02:49:15.939672,0.4307354060097753,44.35572585287212,7.979127830417447,0
2025-11-07 02:49:17.939672,0.36294737081368805,46.483667449093204,8.185203612868369,0
2025-11-07 02:49:19.939672,0.37626736439307407,43.266689569065676,7.857705435256829,0
2025-11-07 02:49:21.939672,0.35191216708431017,42.904281428578926,8.279195842072884,0
2025-11-07 02:49:23.939672,0.39305539766942343,44.33095392134014,7.8616098553051525,0
2025-11-07 02:49:25.939672,0.37336893633304674,44.70948285056993,7.70981093627891,0
2025-11-07 02:49:27.939672,0.3643073102451183,45.88554643701722,8.422941467339358,0
2025-11-07 02:49:29.939672,0.31549393700654743,46.49767063800726,8.047915930388635,0
2025-11-07 02:49:31.939672,0.2968560946229775,44.236122931866504,7.953225298463777,0
2025-11-07 02:49:33.939672,0.45440731466374007,46.95749575338043,8.022404551081474,0
2025-11-07 02:49:35.939672,0.4323294949986986,46.07272965313948,8.527384552786446,0
2025-11-07 02:49:37.939672,0.4183874496546357,45.33432701814736,7.681278863419688,0
2025-11-07 02:49:39.939672,0.4045049282013853,42.999582394616034,8.178034478033167,0
2025-11-07 02:49:41.939672,0.3460319020341439,46.84857539081554,8.128707215769168,0
2025-11-07 02:49:43.939672,0.2932538327890721,45.160519756811816,8.06498198029844,0
2025-11-07 02:49:45.939672,0.4069937616278707,43.801232606040095,7.858724175027308,0
2025-11-07 02:49:47.939672,0.4068172186601772,45.38206481306098,7.430261233107649,0
2025-11-07 02:49:49.939672,0.45593578901762183,45.03467174159997,8.08455180675521,0
2025-11-07 02:49:51.939672,0.3743907779308428,46.33538616935901,7.736217952783591,0
2025-11-07 02:49:53.939672,0.40952679570761036,45.59970107449273,8.093480046173756,0
2025-11-07 02:49:55.939672,0.4600382165629636,44.712641998163434,8.499750425145201,0
2025-11-07 02:49:57.939672,0.4454188575599369,43.951736096952075,8.572478386650657,0
2025-11-07 02:49:59.939672,0.46326838568162965,41.07840450766744,7.864736376462868,0
2025-11-07 02:50:01.939672,0.38941884272480104,43.9641876298606,8.108752549024116,0
2025-11-07 02:50:03.939672,0.4381650688410233,43.41048079619935,8.12245201418726,0
2025-11-07 02:50:05.939672,0.4090169188428422,43.386111177234255,7.414775281677946,0
2025-11-07 02:50:07.939672,0.3532395643814802,43.34364838709864,8.077142590310372,0
2025-11-07 02:50:09.939672,0.34192070838510935,44.70015066219251,8.199752067502503,0
2025-11-07 02:50:11.939672,0.4357763919672051,47.5465794156009,8.219847740415167,0
2025-11-07 02:50:13.939672,0.3818755856257346,45.14119395488489,7.655205843989718,0
2025-11-07 02:50:15.939672,0.4116784478556492,44.45180374905123,7.636328195882298,0
2025-11-07 02:50:17.939672,0.3371891114409457,46.573708882860586,8.340545313900947,0
2025-11-07 02:50:19.939672,0.35112742696454485,46.02728832899244,7.939890408447477,0
2025-11-07 02:50:21.939672,0.3227841271779931,41.27250277746199,8.130971090947245,0
2025-11-07 02:50:23.939672,0.43969957493653494,46.15090893657363,8.409841852095166,0
2025-11-07 02:50:25.939672,0.31318632250012035,43.355272508202084,7.975422620320719,0
2025-11-07 02:50:27.939672,0.373975414806964,46.18147925200973,8.39710206849511,0
2025-11-07 02:50:29.939672,0.4347295624851209,44.54034701365809,7.927484517178642,0
2025-11-07 02:50:31.939672,0.4040156065766081,43.8589991779367,7.776460307492886,0
2025-11-07 02:50:33.939672,0.39483704293502514,42.563909198863875,8.229470793126964,0
2025-11-07 02:50:35.939672,0.4103615673723033,44.06628704345024,8.119386584545982,0
2025-11-07 02:50:37.939672,0.3752350398593475,44.52062592290917,8.239967991690435,0
2025-11-07 02:50:39.939672,0.40724933407601577,45.32630243271912,7.443926648113811,0
2025-11-07 02:50:41.939672,0.3716338997061066,44.74253040838971,8.089747874792875,0
2025-11-07 02:50:43.939672,0.4503384447107191,41.798667679806144,8.540496262606231,0
2025-11-07 02:50:45.939672,0.34451308554693655,46.158732887298456,7.885794924375881,0
2025-11-07 02:50:47.939672,0.32578829733642917,45.78093282393858,7.695607423145003,0
2025-11-07 02:50:49.939672,0.39290614657344136,45.54871207263772,8.127128196147329,0
2025-11-07 02:50:51.939672,0.41981597707487034,45.432011231027474,7.880371373689711,0
2025-11-07 02:50:53.939672,0.3337579703518473,47.13459524908804,7.596725166175809,0
2025-11-07 02:50:55.939672,0.3825528911738756,44.64608964140259,8.525538115691548,0
2025-11-07 02:50:57.939672,0.3670582047569318,43.10938786332384,7.134930586958559,0
2025-11-07 02:50:59.939672,0.341100637193826,48.07043571756209,7.959298297697845,0
2025-11-07 02:51:01.939672,0.4344673538648389,48.00504171203494,7.657780300988322,0
2025-11-07 02:51:03.939672,0.37873525575474043,42.98408097301201,7.640711527813934,0
2025-11-07 02:51:05.939672,0.3864567504677593,45.6170383773064,8.073021947595887,0
2025-11-07 02:51:07.939672,0.4515391373736013,46.015786972357965,7.923037278283416,0
2025-11-07 02:51:09.939672,0.4296208771518686,46.29423578084587,8.178121451061463,0
2025-11-07 02:51:11.939672,0.4075462053716169,43.95075134963226,7.6804125009542075,0
2025-11-07 02:51:13.939672,0.3669209439774795,44.48966778626786,8.339682971309504,0
2025-11-07 02:51:15.939672,0.4238137342223982,46.79034210381657,7.811324075532196,0
2025-11-07 02:51:17.939672,0.4303022321381907,45.34675624034346,8.603901579615664,0
2025-11-07 02:51:19.939672,0.38366856966038193,45.015320031965125,8.219980091209655,0
2025-11-07 02:51:21.939672,0.3877675424221308,45.725844489085105,7.726879096333166,0
2025-11-07 02:51:23.939672,0.36771947044778097,45.36973091377287,7.702288658004288,0
2025-11-07 02:51:25.939672,0.44785295221398563,44.202210100934884,8.291099669696964,0
2025-11-07 02:51:27.939672,0.3488456091070771,46.351783080898265,7.861015947371169,0
2025-11-07 02:51:29.939672,0.3847207771745513,44.650025118903095,8.292480373749148,0
2025-11-07 02:51:31.939672,0.4061370543056787,44.34038384296651,8.24712835108569,0
2025-11-07 02:51:33.939672,0.4427983540497026,46.42922593166073,7.7322635834106705,0
2025-11-07 02:51:35.939672,0.38056192770269626,43.78962496779825,7.109708176875636,0
2025-11-07 02:51:37.939672,0.37099349109551977,45.3473104484455,7.7409854479343325,0
2025-11-07 02:51:39.939672,0.3690237104027717,46.480605079814666,7.818697712514857,0
2025-11-07 02:51:41.939672,0.396019685504459,42.65160522235078,7.798223883949103,0
2025-11-07 02:51:43.939672,0.42510480179699434,45.78233554390726,8.131648343470706,0
2025-11-07 02:51:45.939672,0.42824097354741475,47.53450708946709,8.58232034856007,0
2025-11-07 02:51:47.939672,0.46296945460591216,46.10587235340963,7.892865320161635,0
2025-11-07 02:51:49.939672,0.357539511734299,44.19509485408416,8.024086339610154,0
2025-11-07 02:51:51.939672,0.3342422028619575,44.349689662425234,8.096694297146657,0
2025-11-07 02:51:53.939672,0.36185425769639495,45.749370255721985,7.798926202095433,0
2025-11-07 02:51:55.939672,0.43420164581289533,44.65294531501908,7.785589783236403,0
2025-11-07 02:51:57.939672,0.4445427196230646,43.63170804979196,7.891020176810227,0
2025-11-07 02:51:59.939672,0.3766321290301022,44.173967293260965,7.267391641193312,0
2025-11-07 02:52:01.939672,0.4039614355066185,46.74673513588205,8.292080090108502,0
2025-11-07 02:52:03.939672,0.42689016434049626,44.400624047952505,8.01647746169769,0
2025-11-07 02:52:05.939672,0.47844402118792934,44.033631135139885,7.957807120415411,0
2025-11-07 02:52:07.939672,0.40494501159944657,44.2403939025832,7.575759728936698,0
2025-11-07 02:52:09.939672,0.42855491896324005,45.57080697639605,8.65320995332127,0
2025-11-07 02:52:11.939672,0.3888098055436324,41.45568946876414,8.081329677955742,0
2025-11-07 02:52:13.939672,0.37965741385361,47.08759607679858,7.551619227702185,0
2025-11-07 02:52:15.939672,0.3668006763613704,44.66801124119466,8.270160947685394,0
2025-11-07 02:52:17.939672,0.38749485764855857,44.2427203472491,7.941860843792299,0
2025-11-07 02:52:19.939672,0.4501135052720825,46.80042029985154,7.399287945744042,0
2025-11-07 02:52:21.939672,0.42063411206652823,46.67734583217241,7.830120083660403,0
2025-11-07 02:52:23.939672,0.39866877846613874,42.76433559483501,8.178512159282223,0
2025-11-07 02:52:25.939672,0.350089684287048,43.2076801110598,7.918804923601604,0
2025-11-07 02:52:27.939672,0.3342783753174862,47.74817699517483,8.069139343049732,0
2025-11-07 02:52:29.939672,0.36553520276053475,44.29671152730497,8.094921185258716,0
2025-11-07 02:52:31.939672,0.38731504250048643,44.9068685705742,8.371797709101507,0
2025-11-07 02:52:33.939672,0.4001109532905729,46.252860552357106,8.342264754447228,0
2025-11-07 02:52:35.939672,0.43501459570897516,45.00964485524936,7.605101928376111,0
2025-11-07 02:52:37.939672,0.44396010372105427,45.220852902505946,7.023362700405406,0
2025-11-07 02:52:39.939672,0.294915067196263,42.975461942186975,8.134166239119285,0
2025-11-07 02:52:41.939672,0.33764861130896623,49.405641657728935,7.694897872185448,0
2025-11-07 02:52:43.939672,0.4432447189233876,43.82801013848285,7.867482598960182,0
2025-11-07 02:52:45.939672,0.34595534027626296,46.917007904893815,8.111926999983503,0
2025-11-07 02:52:47.939672,0.33146521922046457,44.8686360362042,7.957369336454408,0
2025-11-07 02:52:49.939672,0.420569594691886,45.661007418073645,8.317381039257297,0
2025-11-07 02:52:51.939672,0.4029024414447471,44.71951259947455,8.479406725510113,0
2025-11-07 02:52:53.939672,0.4248350594894457,47.14724756961933,8.142813659821641,0
2025-11-07 02:52:55.939672,0.39144539835328435,42.87550228567424,7.611471802847087,0
2025-11-07 02:52:57.939672,0.3207371022498533,45.922729896795744,7.7956895388570375,0
2025-11-07 02:52:59.939672,0.38489262211570885,44.43730622628133,8.168241164651304,0
2025-11-07 02:53:01.939672,0.43943429912151744,45.58960991395858,8.30670915759736,0
2025-11-07 02:53:03.939672,0.41296331611304893,43.98809574655191,7.527173466829071,0
2025-11-07 02:53:05.939672,0.44526377486315855,44.65079230490281,7.774529255233539,0
2025-11-07 02:53:07.939672,0.38620294001016187,47.196638963496824,7.963065540777384,0
2025-11-07 02:53:09.939672,0.4697019581702515,44.67512235551487,8.112533065011297,0
2025-11-07 02:53:11.939672,0.39643193187524317,45.61156721506557,7.755671202105632,0
2025-11-07 02:53:13.939672,0.43947815217177655,44.594762805368475,7.974888171875132,0
2025-11-07 02:53:15.939672,0.4506573914855276,44.32345669931925,7.882209764689061,0
2025-11-07 02:53:17.939672,0.3872493600574626,44.15259002593733,7.927145913702469,0
2025-11-07 02:53:19.939672,0.4148353694926558,44.19470106242205,7.828289047958261,0
2025-11-07 02:53:21.939672,0.4963085506371994,46.839151064191455,7.92683825916207,0
2025-11-07 02:53:23.939672,0.3901650256607936,45.47866900358578,8.329662364486623,0
2025-11-07 02:53:25.939672,0.3889439913494801,44.11955955424288,8.416413333435907,0
2025-11-07 02:53:27.939672,0.38590731424527636,46.130398980739265,8.153532590952075,0
2025-11-07 02:53:29.939672,0.4486702781802414,45.091376681202085,8.077193236143648,0
2025-11-07 02:53:31.939672,0.47279472490640523,43.017365890716356,8.159134499316389,0
2025-11-07 02:53:33.939672,0.39155666917691845,46.5138138582309,8.282831103838548,0
2025-11-07 02:53:35.939672,0.46597532076989984,44.99236334267305,7.555337430099951,0
2025-11-07 02:53:37.939672,0.43999563785769197,43.917926930665956,7.567255160445013,0
2025-11-07 02:53:39.939672,0.40706363718511,44.302493950083225,8.319440839309117,0
2025-11-07 02:53:41.939672,0.3782188912049657,47.38249508246785,8.023756867218266,0
2025-11-07 02:53:43.939672,0.34511428109811315,47.39390162102385,7.380671820742623,0
2025-11-07 02:53:45.939672,0.4042391394373493,44.40817184519735,7.5926362623236585,0
2025-11-07 02:53:47.939672,0.3287049178383734,44.41891694555469,8.000862033393144,0
2025-11-07 02:53:49.939672,0.4241849517135092,46.009763929720705,7.984685373378783,0
2025-11-07 02:53:51.939672,0.4291961616991128,44.81569572124514,8.204055716704888,0
2025-11-07 02:53:53.939672,0.4101332079363309,45.571064900862574,7.70590767130389,0
2025-11-07 02:53:55.939672,0.4802344318587333,43.44522174347171,7.802012297026398,0
2025-11-07 02:53:57.939672,0.4612817297709919,47.25899219247075,7.6751106637530935,0
2025-11-07 02:53:59.939672,0.46940169821594374,45.740850569821994,7.613189083155702,0
2025-11-07 02:54:01.939672,0.3400974291234959,44.760828849836976,8.474837786343077,0
2025-11-07 02:54:03.939672,0.3757584915487593,45.039165803937834,8.209154530908988,0
2025-11-07 02:54:05.939672,0.34189142008354456,45.11061959667931,8.07375077724466,0
2025-11-07 02:54:07.939672,0.39924405001985364,45.05293058233514,8.359324333576438,0
2025-11-07 02:54:09.939672,0.4056153243576292,42.98579052811792,8.460384522944095,0
2025-11-07 02:54:11.939672,0.4474708152147773,44.83788994881491,8.313956522557572,0
2025-11-07 02:54:13.939672,0.547284802690998,44.851291080521165,8.710759512966945,0
2025-11-07 02:54:15.939672,0.4946509160390985,46.53853917709278,7.47724493249002,0
2025-11-07 02:54:17.939672,0.38609738938569754,47.54089149541667,8.431240747552843,0
2025-11-07 02:54:19.939672,0.4913536000844762,49.13970000954608,8.178079109151188,0
2025-11-07 02:54:21.939672,0.362443514060263,46.08167978615092,7.730233706734838,0
2025-11-07 02:54:23.939672,0.4541527415513283,42.60374002207556,7.7678801719733235,0
2025-11-07 02:54:25.939672,0.38808736529345705,43.55692427781981,7.558251477070634,0
2025-11-07 02:54:27.939672,0.45007858042426857,44.87187674611076,7.704092090591448,0
2025-11-07 02:54:29.939672,0.513918457056503,42.23370643913503,7.895783775283491,0
2025-11-07 02:54:31.939672,0.42518995951467586,47.264427589979185,8.50179666460917,0
2025-11-07 02:54:33.939672,0.35807972224882556,46.39604202766593,8.53332618613507,0
2025-11-07 02:54:35.939672,0.3592684627726558,44.60923281883195,7.766387093957828,0
2025-11-07 02:54:37.939672,0.2605432035532444,44.19770017442389,8.446287348716123,0
2025-11-07 02:54:39.939672,0.4085188049251216,44.591171924073365,7.947846376013783,0
2025-11-07 02:54:41.939672,0.317502718897039,46.33002780422146,7.596996960246765,0
2025-11-07 02:54:43.939672,0.4113188646231662,43.905738067268054,8.233769002637976,0
2025-11-07 02:54:45.939672,0.3178151748959204,42.32680609673748,8.247668417479716,0
2025-11-07 02:54:47.939672,0.37088473222515217,44.40833593676421,8.124855046820759,0
2025-11-07 02:54:49.939672,0.46151378754380545,45.20587001569911,7.800997541945907,0
2025-11-07 02:54:51.939672,0.4738593194517084,46.89255937952246,7.829594154091446,0
2025-11-07 02:54:53.939672,0.42056531744308523,46.469421227124954,8.694807293543725,0
2025-11-07 02:54:55.939672,0.38191241696189476,44.14621147645508,8.093851975331216,0
2025-11-07 02:54:57.939672,0.42350189843863967,45.59549124817856,8.370026656865969,0
2025-11-07 02:54:59.939672,0.3507835071364716,42.99440084102561,7.802785066451555,0
2025-11-07 02:55:01.939672,0.40143581004449097,47.32893609346474,8.230373525083994,0
2025-11-07 02:55:03.939672,0.42278443749015987,44.08471037211512,8.281117803916779,0
2025-11-07 02:55:05.939672,0.35867245801875375,45.43650915961142,8.670798357467602,0
2025-11-07 02:55:07.939672,0.35112809215612945,45.09297862630731,8.188039975076173,0
2025-11-07 02:55:09.939672,0.453599780043804,43.66102483290175,8.333009810534206,0
2025-11-07 02:55:11.939672,0.41070933263597814,46.0949963128134,8.15065211547266,0
2025-11-07 02:55:13.939672,0.45403255675943527,45.567821560840386,7.956891301841864,0
2025-11-07 02:55:15.939672,0.3008183841809416,45.992613904934615,7.738637402659465,0
2025-11-07 02:55:17.939672,0.4426610715809017,47.38477638773255,8.456765395894196,0
2025-11-07 02:55:19.939672,0.4450337928649359,42.9667517949306,8.698826441810612,0
2025-11-07 02:55:21.939672,0.4529325683101183,45.40274117976413,7.929748432175532,0
2025-11-07 02:55:23.939672,0.4032092773509602,43.980855396035594,7.741321011930777,0
2025-11-07 02:55:25.939672,0.40768214750274684,42.919551308116326,7.801092826470249,0
2025-11-07 02:55:27.939672,0.38308894384247516,45.189901019872934,8.207386587989236,0
2025-11-07 02:55:29.939672,0.3392718260223076,45.282257127877195,7.724031069560902,0
2025-11-07 02:55:31.939672,0.3437589996309346,44.67652582281786,7.332284025565417,0
2025-11-07 02:55:33.939672,0.3775370684456061,43.62728902683691,7.745535972216394,0
2025-11-07 02:55:35.939672,0.4060299589356601,44.51630159615984,8.141270309609645,0
2025-11-07 02:55:37.939672,0.501305560358352,44.085344079615034,8.01587496266506,0
2025-11-07 02:55:39.939672,0.3619501491474156,43.42797592061219,8.220999399208603,0
2025-11-07 02:55:41.939672,0.2764223384804149,45.675566245880034,8.119396654034793,0
2025-11-07 02:55:43.939672,0.4875395713534546,45.92354214042557,7.702265418670925,0
2025-11-07 02:55:45.939672,0.3347135239801734,47.17191124906501,7.907661286964106,0
2025-11-07 02:55:47.939672,0.4547683607278946,45.57047945613972,8.130269159714642,0
2025-11-07 02:55:49.939672,0.4077292401309399,43.41852310244065,7.4159351881260935,0
2025-11-07 02:55:51.939672,0.46465198574245,45.65304178139898,8.033792555677373,0
2025-11-07 02:55:53.939672,0.43881751790739704,45.379275286558034,7.663826242786245,0
2025-11-07 02:55:55.939672,0.44176891587842126,46.850312052612956,7.868822159567017,0
2025-11-07 02:55:57.939672,0.4195418223801564,42.99914470050802,8.02440894443216,0
2025-11-07 02:55:59.939672,0.43783723545218084,45.37655295456904,7.91107650185199,0
2025-11-07 02:56:01.939672,0.40995855434780776,45.837650446882805,8.0309155007923,0
2025-11-07 02:56:03.939672,0.317285787851547,47.36555026371179,8.017635374165861,0
2025-11-07 02:56:05.939672,0.3926603647577987,45.35329921675451,8.133973694705416,0
2025-11-07 02:56:07.939672,0.41472564759684954,43.96067469209506,7.543680698128829,0
2025-11-07 02:56:09.939672,0.3950814358036853,44.05330690492035,7.6449056405185125,0
2025-11-07 02:56:11.939672,0.29893912654191646,45.665772513896165,7.647282734778923,0
2025-11-07 02:56:13.939672,0.43516162398008906,47.25683700979385,8.245346147989546,0
2025-11-07 02:56:15.939672,0.42172414388265017,47.442205675603034,7.97375246330547,0
2025-11-07 02:56:17.939672,0.4572681587010855,41.70483757015924,8.411535904881715,0
2025-11-07 02:56:19.939672,0.37851427761961115,43.20446235489379,7.758647144565574,0
2025-11-07 02:56:21.939672,0.5195135308483622,43.53275986214302,7.517193402979797,0
2025-11-07 02:56:23.939672,0.438449015987089,45.838429515004094,7.714015962741369,0
2025-11-07 02:56:25.939672,0.41596586710677647,44.57364916139211,8.114409966383612,0
2025-11-07 02:56:27.939672,0.37615430406480577,44.885229841334166,7.946737354163677,0
2025-11-07 02:56:29.939672,0.4760458077630181,42.99981038755658,7.619100635284657,0
2025-11-07 02:56:31.939672,0.4692961336243587,46.22492325052387,7.544180950734598,0
2025-11-07 02:56:33.939672,0.39876484663087,44.37377387543686,8.04629330052825,0
2025-11-07 02:56:35.939672,0.3490212056926596,44.41913989899145,7.728526439637009,0
2025-11-07 02:56:37.939672,0.3855305861378897,45.87383420853024,8.599622330871327,0
2025-11-07 02:56:39.939672,0.34089442353527527,46.65844697852383,8.099544295577205,0
2025-11-07 02:56:41.939672,0.37062231621964303,47.46370744872331,8.091698505946056,0
2025-11-07 02:56:43.939672,0.5386596632843402,45.91200348978447,7.443528835055852,0
2025-11-07 02:56:45.939672,0.47584254107154766,44.96556874294714,8.534687193036262,0
2025-11-07 02:56:47.939672,0.392131941118936,47.52822309154366,8.03417106231613,0
2025-11-07 02:56:49.939672,0.42682854647504703,46.21472039677115,7.61757012595156,0
2025-11-07 02:56:51.939672,0.3804712985883864,42.19254154694176,7.737185283016691,0
2025-11-07 02:56:53.939672,0.3669175331748742,46.01474501281989,8.118156321111167,0
2025-11-07 02:56:55.939672,0.3266878198133115,43.79525519907396,7.9837058046419545,0
2025-11-07 02:56:57.939672,0.3827076533092189,43.65048985721904,7.53079837841156,0
2025-11-07 02:56:59.939672,0.4573811910827356,44.13205165070345,7.633953846172855,0
2025-11-07 02:57:01.939672,0.40521709181345983,43.522064158716525,7.892474036789522,0
2025-11-07 02:57:03.939672,0.3019881073799008,45.690868966408814,8.030048609682032,0
2025-11-07 02:57:05.939672,0.40604601663863604,45.825246550215326,7.56269146849833,0
2025-11-07 02:57:07.939672,0.43021811390179726,42.99677450770254,8.117801143130194,0
2025-11-07 02:57:09.939672,0.2996553557386012,45.02942831403463,8.263311593260951,0
2025-11-07 02:57:11.939672,0.4178055918405717,43.67811977106261,7.727439529821842,0
2025-11-07 02:57:13.939672,0.4147062850673899,46.176577214457595,8.023068080165386,0
2025-11-07 02:57:15.939672,0.37384332330693654,47.280304088744444,7.873379611987108,0
2025-11-07 02:57:17.939672,0.4269424363065454,44.80098964670189,7.801268458658775,0
2025-11-07 02:57:19.939672,0.43768569481783176,42.99815998428957,7.732129648109191,0
2025-11-07 02:57:21.939672,0.3593573363749299,46.17978487733804,8.044069344197135,0
2025-11-07 02:57:23.939672,0.3715581797499869,43.169548580057445,8.258981575251152,0
2025-11-07 02:57:25.939672,0.39076557904586634,49.314689772456646,8.278019961387008,0
2025-11-07 02:57:27.939672,0.4306377631850224,45.39439273209844,7.919455960852257,0
2025-11-07 02:57:29.939672,0.37959452688197526,44.108968139546654,8.119229388308188,0
2025-11-07 02:57:31.939672,0.40357126979205793,46.69184421213606,7.803373395745442,0
2025-11-07 02:57:33.939672,0.4593169668103145,46.761654296113065,8.39355137358861,0
2025-11-07 02:57:35.939672,0.4258089819498707,45.91342366933575,7.759852559034936,0
2025-11-07 02:57:37.939672,0.3811099743375617,47.915300541625705,7.8792522743218,0
2025-11-07 02:57:39.939672,0.4218782460265136,46.956005656648976,7.02467831705842,0
2025-11-07 02:57:41.939672,0.44193735555245933,44.80629782938859,7.809828783930293,0
2025-11-07 02:57:43.939672,0.5391818776105759,46.58537257836031,7.422736706925035,0
2025-11-07 02:57:45.939672,0.446782031229255,46.08151604428853,8.208881730347654,0
2025-11-07 02:57:47.939672,0.3755934697533412,46.63594829453381,7.4680518836244705,0
2025-11-07 02:57:49.939672,0.35725906409831704,45.234909784979735,8.158251715088248,0
2025-11-07 02:57:51.939672,0.5221459912270238,41.658680044906944,8.20961414757512,0
2025-11-07 02:57:53.939672,0.41836268130543636,41.830409366891224,7.633323522194942,0
2025-11-07 02:57:55.939672,0.38586118298200406,44.484683771982745,7.4886255813074,0
2025-11-07 02:57:57.939672,0.4778889162459914,44.115349076306224,7.682914832871028,0
2025-11-07 02:57:59.939672,0.42846820955312265,44.15956514055222,8.525005647626463,0
2025-11-07 02:58:01.939672,0.39608752295082933,43.56493479659435,7.803140319745847,0
2025-11-07 02:58:03.939672,0.47691547018863084,43.436829160894,7.768927667646227,0
2025-11-07 02:58:05.939672,0.3764729411557345,45.583232705358384,7.422964573916367,0
2025-11-07 02:58:07.939672,0.45348597769114246,43.630985476144616,7.63746645523966,0
2025-11-07 02:58:09.939672,0.39091665605732645,43.06220875496922,7.777261326386833,0
2025-11-07 02:58:11.939672,0.3678878756225066,40.62621824811033,8.352618042107908,0
2025-11-07 02:58:13.939672,0.38454862442030774,45.92316595158138,7.571070396060158,0
2025-11-07 02:58:15.939672,0.3674296582250036,43.962606941398484,8.014207137085792,0
2025-11-07 02:58:17.939672,0.3775348089595799,43.6820716768733,8.284316271052022,0
2025-11-07 02:58:19.939672,0.3169108670218843,44.064670957422436,7.884431885441434,0
2025-11-07 02:58:21.939672,0.46715363006373883,44.88872677784912,7.974566288083853,0
2025-11-07 02:58:23.939672,0.4228383139377821,42.975064119597654,8.093578227287177,0
2025-11-07 02:58:25.939672,0.3951274643867854,46.183369152758445,8.460280658681011,0
2025-11-07 02:58:27.939672,0.45383075718710053,45.697361200021945,8.020141066547376,0
2025-11-07 02:58:29.939672,0.4027355008543598,47.84210421912049,8.7074552927884,0
2025-11-07 02:58:31.939672,0.411731839919978,45.36985911746695,8.067208506535007,0
2025-11-07 02:58:33.939672,0.4258142896268738,43.007966354023274,8.103904495929509,0
2025-11-07 02:58:35.939672,0.39232206001311654,45.50126903913527,8.012677692351328,0
2025-11-07 02:58:37.939672,0.38136565877844375,44.7400870681906,8.231394196621064,0
2025-11-07 02:58:39.939672,0.37759039166065317,43.00972674732092,7.557701558834313,0
2025-11-07 02:58:41.939672,0.41421480098111174,43.201625641609866,7.862407179733087,0
2025-11-07 02:58:43.939672,0.46176038473509606,44.17438996815692,7.94004387107594,0
2025-11-07 02:58:45.939672,0.36098460365844076,45.424988541659395,7.838451104498706,0
2025-11-07 02:58:47.939672,0.3630667408369848,44.607795468614576,8.26571282520911,0
2025-11-07 02:58:49.939672,0.4654225578451669,45.990945103127835,7.870963453684975,0
2025-11-07 02:58:51.939672,0.43749093680268053,43.29592726738173,7.347204917624692,0
2025-11-07 02:58:53.939672,0.4162482730639148,44.33473933950692,8.198866850708582,0
2025-11-07 02:58:55.939672,0.4059627866674039,44.87245983897334,8.286346646742604,0
2025-11-07 02:58:57.939672,0.44281284789600267,46.43186766248011,8.723272086935877,0
2025-11-07 02:58:59.939672,0.43011581107138164,44.78214935613689,7.903771256321329,0
2025-11-07 02:59:01.939672,0.3487082639309508,46.30527277709259,8.421612157144192,0
2025-11-07 02:59:03.939672,0.36296835532339583,43.30893330762545,7.75044260240541,0
2025-11-07 02:59:05.939672,0.443804914134985,44.24538461554867,8.199696437409385,0
2025-11-07 02:59:07.939672,0.4610016740807965,44.702673951563895,7.347287639718947,0
2025-11-07 02:59:09.939672,0.5241445348700525,42.50420964085463,7.7902143728386335,0
2025-11-07 02:59:11.939672,0.3846010358351939,43.389191978819234,8.294772003358457,0
2025-11-07 02:59:13.939672,0.3105645847369135,43.702134492672116,8.14288795268296,0
2025-11-07 02:59:15.939672,0.47765642198325925,45.616560482711144,7.9539723569413425,0
2025-11-07 02:59:17.939672,0.39504489037149837,42.562673839368394,8.323462370567345,0
2025-11-07 02:59:19.939672,0.37180286777547816,45.43971854875853,8.072391773569047,0
2025-11-07 02:59:21.939672,0.4210734566637416,47.29047071288323,7.997218099860127,0
2025-11-07 02:59:23.939672,0.4534258016789684,44.31668589393434,7.707057763840949,0
2025-11-07 02:59:25.939672,0.42529202290678036,45.39547381600756,8.185876442014534,0
2025-11-07 02:59:27.939672,0.38693713262226515,44.19610762954223,7.3835993771326995,0
2025-11-07 02:59:29.939672,0.39633618948552907,42.77386703438138,7.848781160760872,0
2025-11-07 02:59:31.939672,0.4425276659575105,44.947210593003376,8.06616218384236,0
2025-11-07 02:59:33.939672,0.4461912055466277,46.88180442250055,7.502510379892072,0
2025-11-07 02:59:35.939672,0.32170681037721915,44.955512593031976,7.985767262874192,0
2025-11-07 02:59:37.939672,0.389986935309205,46.49902021175805,7.769649930736738,0
2025-11-07 02:59:39.939672,0.4257861466029148,44.307207408956614,7.713181190367146,0
2025-11-07 02:59:41.939672,0.4494762075974499,43.98084549855617,7.615086437643899,0
2025-11-07 02:59:43.939672,0.4970028295224552,46.47142144796374,7.809674753726959,0
2025-11-07 02:59:45.939672,0.5006758455961927,46.267473803817175,7.831061563892647,0
2025-11-07 02:59:47.939672,0.43889895272404794,44.49716765923873,8.021918553087813,0
2025-11-07 02:59:49.939672,0.4155726365743098,41.38520509998717,8.313019496377501,0
2025-11-07 02:59:51.939672,0.39373951815060504,42.72873335656911,7.772563890134516,0
2025-11-07 02:59:53.939672,0.37989803410485706,47.295868213126624,7.827511025551619,0
2025-11-07 02:59:55.939672,0.4279065967087276,44.41750602478142,8.151497417451102,0
2025-11-07 02:59:57.939672,0.3894171112311533,46.60731666389426,7.794026734435973,0
2025-11-07 02:59:59.939672,0.4071668448573281,45.8388812648854,7.549423776024378,0
2025-11-07 03:00:01.939672,0.38753962567934086,46.74881422094283,8.303383658054063,0
2025-11-07 03:00:03.939672,0.4112718680744946,41.968020280488375,7.942218600085177,0
2025-11-07 03:00:05.939672,0.36021413287367726,45.66467196046154,7.786322300397685,0
2025-11-07 03:00:07.939672,0.37082501551210295,45.02607124443946,8.325910629696628,0
2025-11-07 03:00:09.939672,0.4048548071151627,46.288706364132736,8.294746306452767,0
2025-11-07 03:00:11.939672,0.45923595986619176,45.55127647163812,8.184295489923906,0
2025-11-07 03:00:13.939672,0.3145273967534067,44.34358353580742,8.186605543832139,0
2025-11-07 03:00:15.939672,0.35929452046089017,44.99319637140307,8.006334479296402,0
2025-11-07 03:00:17.939672,0.3762413879156141,43.99612774037812,8.497994322696949,0
2025-11-07 03:00:19.939672,0.4575150248082738,45.64073091326009,8.393200336113695,0
2025-11-07 03:00:21.939672,0.3693248977908682,44.77691749291427,8.532702594646121,0
2025-11-07 03:00:23.939672,0.3824462629229347,46.77236875123788,7.8139854100115365,0
2025-11-07 03:00:25.939672,0.36868893307953393,44.58099749085087,7.541058795863499,0
2025-11-07 03:00:27.939672,0.46371589676152386,43.78670244449159,8.144720931836755,0
2025-11-07 03:00:29.939672,0.47678261102769315,43.30846099728756,8.104697964822996,0
2025-11-07 03:00:31.939672,0.4122352274410094,45.707316246119454,8.4680613375048,0
2025-11-07 03:00:33.939672,0.3812800463435422,46.63532763888835,8.20059558512188,0
2025-11-07 03:00:35.939672,0.4789674365920688,45.12743699038247,8.077210275706221,0
2025-11-07 03:00:37.939672,0.4360718636684759,45.140855017951324,8.071531573262407,0
2025-11-07 03:00:39.939672,0.46592516953573493,44.4329851464359,7.858066864681885,0
2025-11-07 03:00:41.939672,0.43789849056719227,50.77007584955371,8.022196765831906,0
2025-11-07 03:00:43.939672,0.3245511308620697,41.72747865689574,7.714317432267668,0
2025-11-07 03:00:45.939672,0.4376864075478206,45.074883364735975,8.286874102093293,0
2025-11-07 03:00:47.939672,0.43263517917604627,43.63602159521957,8.055445439667134,0
2025-11-07 03:00:49.939672,0.5181436610276181,44.20411897204677,8.06572239542303,0
2025-11-07 03:00:51.939672,0.4061705492023896,45.13816403323428,8.120558161578298,0
2025-11-07 03:00:53.939672,0.3762304546583394,45.88199049486465,8.27014177542872,0
2025-11-07 03:00:55.939672,0.38537239614320606,45.15779211479914,7.725353656414754,0
2025-11-07 03:00:57.939672,0.4143794444185365,44.32996599167161,7.4634052218512625,0
2025-11-07 03:00:59.939672,0.4837842483845496,44.74065619189707,8.413325852663824,0
2025-11-07 03:01:01.939672,0.40949480250929493,46.027235336037194,8.093910348517559,0
2025-11-07 03:01:03.939672,0.5003007685127789,44.64638758553156,7.784192729886036,0
2025-11-07 03:01:05.939672,0.45257432554475585,47.1608321541088,8.292585263760511,0
2025-11-07 03:01:07.939672,0.3580481570216583,43.91895407067116,7.658401639285612,0
2025-11-07 03:01:09.939672,0.4751287555166195,45.75677677973851,8.13985200279529,0
2025-11-07 03:01:11.939672,0.37196768146983844,45.676784504166804,7.747544072803618,0
2025-11-07 03:01:13.939672,0.3324082862981719,42.376262065120635,8.278139980501493,0
2025-11-07 03:01:15.939672,0.44298200586237874,47.041885065276986,8.220036343032339,0
2025-11-07 03:01:17.939672,0.4369206065624734,46.07345316088716,8.191491509784917,0
2025-11-07 03:01:19.939672,0.4111161251778501,45.49431599148006,7.665258485800011,0
2025-11-07 03:01:21.939672,0.40709385930210373,45.46775428747369,8.110896852840808,0
2025-11-07 03:01:23.939672,0.4250855396273169,45.19764689680922,8.169138925095016,0
2025-11-07 03:01:25.939672,0.4641958494645001,45.20862334999435,7.804700753442742,0
2025-11-07 03:01:27.939672,0.42578136137267253,42.48568071191343,7.76978783531935,0
2025-11-07 03:01:29.939672,0.3788841597135903,46.2274430335002,8.181154485757702,0
2025-11-07 03:01:31.939672,0.5073770936951392,46.616074200311104,8.037767664637517,0
2025-11-07 03:01:33.939672,0.3812686322588912,45.82971034859367,7.630898130359208,0
2025-11-07 03:01:35.939672,0.3603041240873342,45.65737591841626,7.942175854611431,0
2025-11-07 03:01:37.939672,0.4291627037833045,46.975036225603596,8.226550339632526,0
2025-11-07 03:01:39.939672,0.42079228382824474,44.07496615814873,8.435461918321014,0
2025-11-07 03:01:41.939672,0.3895967514954306,46.58989539106161,8.176737380653206,0
2025-11-07 03:01:43.939672,0.3990221919436246,43.43374810309311,7.959819235856977,0
2025-11-07 03:01:45.939672,0.49496271319098084,43.5908330371612,7.917313059573532,0
2025-11-07 03:01:47.939672,0.40564073077380947,44.230973075270086,8.077025360875115,0
2025-11-07 03:01:49.939672,0.38343186470254387,44.31345062851191,7.961433630747437,0
2025-11-07 03:01:51.939672,0.4414279722643278,43.50529572313153,8.064271953257322,0
2025-11-07 03:01:53.939672,0.38282119597809816,44.26104584215035,8.199207468146472,0
2025-11-07 03:01:55.939672,0.4657099776067909,46.14278942022045,7.958718983259369,0
2025-11-07 03:01:57.939672,0.48794980366558377,45.181063701554365,8.075752705423312,0
2025-11-07 03:01:59.939672,0.4271242837003893,43.15225681741416,7.837257277124859,0
2025-11-07 03:02:01.939672,0.40773359629564915,44.954217475465235,7.91198480926303,0
2025-11-07 03:02:03.939672,0.4744410787289172,46.54767903777652,7.8408808850740925,0
2025-11-07 03:02:05.939672,0.4301831929768426,46.41802874208915,8.100130157506952,0
2025-11-07 03:02:07.939672,0.3353418890493853,47.65537611083092,7.9723607764623345,0
2025-11-07 03:02:09.939672,0.49634878806349575,46.647713716409086,8.058408853912372,0
2025-11-07 03:02:11.939672,0.4487388513586103,47.26109181263314,7.955474217346712,0
2025-11-07 03:02:13.939672,0.4642190639719443,42.91367299763678,8.206561192945456,0
2025-11-07 03:02:15.939672,0.41545617191925993,43.95450583544781,7.737795989079811,0
2025-11-07 03:02:17.939672,0.4948550824861047,44.485853519323165,8.32893121799927,0
2025-11-07 03:02:19.939672,0.45730972091157945,43.704405095282226,8.305255111922078,0
2025-11-07 03:02:21.939672,0.3104590728795761,46.937816436589586,8.003969321132262,0
2025-11-07 03:02:23.939672,0.38427898799162397,41.99634686595238,8.054518220826477,0
2025-11-07 03:02:25.939672,0.40368239454743154,47.47875127118534,7.849814088142099,0
2025-11-07 03:02:27.939672,0.35001282954026763,43.76084620381137,8.494742654888903,0
2025-11-07 03:02:29.939672,0.34269985232510847,44.55328251874884,7.8297915046426505,0
2025-11-07 03:02:31.939672,0.4113808918252509,46.493480006456835,7.8583116992827975,0
2025-11-07 03:02:33.939672,0.47147146582816113,44.63192124267796,8.266950064693503,0
2025-11-07 03:02:35.939672,0.4939566765948937,44.28742731757828,8.143987072885539,0
2025-11-07 03:02:37.939672,0.37798545470459943,43.74251422491506,7.465478337784989,0
2025-11-07 03:02:39.939672,0.44731571887376276,43.81629344410004,8.31583977415142,0
2025-11-07 03:02:41.939672,0.40717649495558894,44.58757915815272,8.067479909285641,0
2025-11-07 03:02:43.939672,0.36707167775236443,44.48927489043278,7.993360309695366,0
2025-11-07 03:02:45.939672,0.38252415546601287,45.245528152036094,8.327593935057184,0
2025-11-07 03:02:47.939672,0.3834349687058065,46.8435382710172,8.58300208205614,0
2025-11-07 03:02:49.939672,0.38979260398660875,45.57707426991536,8.347044489939837,0
2025-11-07 03:02:51.939672,0.39824932051341777,46.363915310936704,7.980229413847524,0
2025-11-07 03:02:53.939672,0.3881619164340545,44.218660808178235,8.471521670458651,0
2025-11-07 03:02:55.939672,0.4623501493276549,44.637567868377886,8.04034800707487,0
2025-11-07 03:02:57.939672,0.4905258810404573,46.156728753637545,7.933859471388276,0
2025-11-07 03:02:59.939672,0.35352870884447285,48.08346061861016,8.116662441513594,0
2025-11-07 03:03:01.939672,0.44125237633084835,45.86858693105028,8.26916946130999,0
2025-11-07 03:03:03.939672,0.4723933055772471,43.656838043100954,7.746385626978726,0
2025-11-07 03:03:05.939672,0.37632879290876564,48.118540191637734,7.651593025196853,0
2025-11-07 03:03:07.939672,0.41097684538506135,44.75726040078611,8.188360098548753,0
2025-11-07 03:03:09.939672,0.4157480598419177,46.71343603266646,8.114908843353279,0
2025-11-07 03:03:11.939672,0.3228399336439214,43.88651573127012,8.25475796475088,0
2025-11-07 03:03:13.939672,0.3538054008767528,45.173652414014974,7.84473659387655,0
2025-11-07 03:03:15.939672,0.31141072573922807,40.77643841572161,8.206028991319744,0
2025-11-07 03:03:17.939672,0.3791843758477663,43.74893868591779,8.179558203750855,0
2025-11-07 03:03:19.939672,0.35644524918383275,46.18762419462211,7.86662789698412,0
2025-11-07 03:03:21.939672,0.4360234665017095,47.89542760391641,7.507766814256502,0
2025-11-07 03:03:23.939672,0.454955563080717,42.84017135470367,7.769216691995525,0
2025-11-07 03:03:25.939672,0.4310404231009985,45.460410570537434,8.29447652276935,0
2025-11-07 03:03:27.939672,0.38838608751046033,44.4846785400109,7.8759530768488,0
2025-11-07 03:03:29.939672,0.4066358962277862,42.590379080509386,8.105192288995287,0
2025-11-07 03:03:31.939672,0.35191238275319414,44.48218634341082,8.184482392132898,0
2025-11-07 03:03:33.939672,0.38322469160298833,41.03233815372182,7.670332591417839,0
2025-11-07 03:03:35.939672,0.3756334276688825,44.50650131906494,7.540603081874331,0
2025-11-07 03:03:37.939672,0.4557043938266925,42.881930429358285,8.186221848676508,0
2025-11-07 03:03:39.939672,0.37790660710130114,46.68933004471413,8.104622973293692,0
2025-11-07 03:03:41.939672,0.3549002752855378,45.65957529489646,8.28938429836332,0
2025-11-07 03:03:43.939672,0.4004886035308369,45.18744681661546,7.825812237378916,0
2025-11-07 03:03:45.939672,0.27873762673656577,45.464227745872144,8.032499611527143,0
2025-11-07 03:03:47.939672,0.4501737302683235,44.46865398807774,7.736752622096626,0
2025-11-07 03:03:49.939672,0.3391126825102105,46.46001861848865,8.016018549755339,0
2025-11-07 03:03:51.939672,0.41687035718024346,46.360406921721754,8.245760569568567,0
2025-11-07 03:03:53.939672,0.41094794289728,43.51443304062421,8.171936484061119,0
2025-11-07 03:03:55.939672,0.42342634580882066,45.75833964930844,7.887077025826256,0
2025-11-07 03:03:57.939672,0.3810239329474036,47.29071082341674,8.098379367119385,0
2025-11-07 03:03:59.939672,0.4873314401641274,45.70830928534492,7.8068491978214585,0
2025-11-07 03:04:01.939672,0.3628683086689926,44.8678475825176,7.411601696195644,0
2025-11-07 03:04:03.939672,0.3770754682600837,45.58948627278178,7.9166409498453385,0
2025-11-07 03:04:05.939672,0.3841561578424553,43.86251183189324,8.107091670671334,0
2025-11-07 03:04:07.939672,0.47594013225414944,47.000899582744516,8.095859335442412,0
2025-11-07 03:04:09.939672,0.4192448348672045,44.55383906014627,8.259441657747484,0
2025-11-07 03:04:11.939672,0.43474170096071135,41.91604463136849,8.500135679966993,0
2025-11-07 03:04:13.939672,0.4493376885342398,42.65179714889952,7.967838568006847,0
2025-11-07 03:04:15.939672,0.40222417394192006,44.186849201714296,7.967445920039582,0
2025-11-07 03:04:17.939672,0.4034964867660074,45.25485177587392,7.636543884556969,0
2025-11-07 03:04:19.939672,0.3704135301936514,45.20034927624142,8.01898672305336,0
2025-11-07 03:04:21.939672,0.3239330563567958,45.27081898185986,8.687982401560113,0
2025-11-07 03:04:23.939672,0.45847937286219126,45.36802962604576,8.11929905016201,0
2025-11-07 03:04:25.939672,0.44891099256966815,44.998548667721465,8.052627434370631,0
2025-11-07 03:04:27.939672,0.3989642180133622,43.33970841267077,8.287601561263285,0
2025-11-07 03:04:29.939672,0.4325251829591882,44.89751854265816,7.364227220720442,0
2025-11-07 03:04:31.939672,0.4164277512589156,45.00674405614792,8.16078669863557,0
2025-11-07 03:04:33.939672,0.47245489263725027,42.356822319881246,8.348954795891666,0
2025-11-07 03:04:35.939672,0.40458557010537755,45.77262666761958,8.418451461171554,0
2025-11-07 03:04:37.939672,0.3870479880579172,43.41575026511287,8.078815407548579,0
2025-11-07 03:04:39.939672,0.39858665759491857,45.360703328602,7.768746209699804,0
2025-11-07 03:04:41.939672,0.48399169873195985,44.12068372351224,7.95930949631907,0
2025-11-07 03:04:43.939672,0.3756347127083203,44.413981740871996,8.191228454198352,0
2025-11-07 03:04:45.939672,0.37577021469390354,45.846204498701155,7.505892659563042,0
2025-11-07 03:04:47.939672,0.37521897302567175,47.025195656590256,7.571118908039738,0
2025-11-07 03:04:49.939672,0.4133070455576767,44.47939486470838,7.560999018285072,0
2025-11-07 03:04:51.939672,0.3248158610991976,45.670510176239986,8.506353271134307,0
2025-11-07 03:04:53.939672,0.48692106797400464,41.35218677825607,8.135592546688947,0
2025-11-07 03:04:55.939672,0.37381548823292077,46.572377882186466,7.940525550997983,0
2025-11-07 03:04:57.939672,0.38956997116005065,40.617952830590795,8.364592348364301,0
2025-11-07 03:04:59.939672,0.36764795350989954,45.34157486283008,7.5156530010431775,0
2025-11-07 03:05:01.939672,0.40776577200200576,43.94171309083491,8.245276189185327,0
2025-11-07 03:05:03.939672,0.3848109873470212,47.248085263210214,7.856989681515127,0
2025-11-07 03:05:05.939672,0.40216132789336495,44.64886860360776,8.164526103394678,0
2025-11-07 03:05:07.939672,0.4793181744973484,45.21913454359152,7.888037984510904,0
2025-11-07 03:05:09.939672,0.39203636771936723,47.450691082417045,8.35167934070811,0
2025-11-07 03:05:11.939672,0.3844520759042816,42.50449496877269,7.968510219515501,0
2025-11-07 03:05:13.939672,0.34237638311449176,45.25326826062233,9.102962418646156,0
2025-11-07 03:05:15.939672,0.39609983016929984,44.64434379292671,8.064417562357253,0
2025-11-07 03:05:17.939672,0.385753504565532,47.745530127910904,8.197747472259422,0
2025-11-07 03:05:19.939672,0.458497793134443,46.85060815733112,7.838360878552631,0
2025-11-07 03:05:21.939672,0.45811025486411994,43.14804375432306,8.11957706312845,0
2025-11-07 03:05:23.939672,0.46140196285734764,46.57446166898953,8.184820367972343,0
2025-11-07 03:05:25.939672,0.453983625293307,45.286920481307995,8.240409145138601,0
2025-11-07 03:05:27.939672,0.37940161581135096,41.91727315191961,7.5628922941343415,0
2025-11-07 03:05:29.939672,0.320493701171011,46.09259207269309,7.846567541548896,0
2025-11-07 03:05:31.939672,0.44591956125149823,47.880995014345665,7.987854209468807,0
2025-11-07 03:05:33.939672,0.36601253856379024,43.81848266270726,8.290652899483531,0
2025-11-07 03:05:35.939672,0.3863825256276685,43.064929149482815,7.733523638537744,0
2025-11-07 03:05:37.939672,0.4271877126233069,43.86774358294779,7.972399998188763,0
2025-11-07 03:05:39.939672,0.41376644778838256,45.227754834848604,8.393116025793745,0
2025-11-07 03:05:41.939672,0.47004337920867906,42.90791141851707,7.833735669789877,0
2025-11-07 03:05:43.939672,0.39683111380514835,44.95887444196104,7.714750810829429,0
2025-11-07 03:05:45.939672,0.41125132898580974,46.318028530603485,8.048366928537797,0
2025-11-07 03:05:47.939672,0.4056959370736817,43.25505417930263,7.72152626654632,0
2025-11-07 03:05:49.939672,0.39959708244029024,44.239296395046935,7.855082972310213,0
2025-11-07 03:05:51.939672,0.39273695123753466,44.37435590131959,7.563034528281394,0
2025-11-07 03:05:53.939672,0.41993637054269817,45.5067482213171,8.086602275820796,0
2025-11-07 03:05:55.939672,0.4169533953381317,45.633440097855555,8.123810565816347,0
2025-11-07 03:05:57.939672,0.38625192995030755,44.38612423725055,7.449461550518478,0
2025-11-07 03:05:59.939672,0.3733624572028801,45.85630438145168,7.590499333423125,0
2025-11-07 03:06:01.939672,0.47210449667693255,45.984336009018605,8.074229683745447,0
2025-11-07 03:06:03.939672,0.4418717992176039,45.22132956774452,8.244008363324811,0
2025-11-07 03:06:05.939672,0.44346539136958346,43.65685080497384,8.31826872078226,0
2025-11-07 03:06:07.939672,0.3762542982596429,45.865392870237095,7.947656632499391,0
2025-11-07 03:06:09.939672,0.4734584696336529,44.53059251306159,8.141229266470505,0
2025-11-07 03:06:11.939672,0.4338984836488556,43.573189814283964,8.011911895913752,0
2025-11-07 03:06:13.939672,0.36276181928512896,46.71152186927094,8.22928484582457,0
2025-11-07 03:06:15.939672,0.3285894280861341,44.469199333189174,7.734627455951882,0
2025-11-07 03:06:17.939672,0.40941405513573503,42.72016056524431,8.181055274339572,0
2025-11-07 03:06:19.939672,0.42146669921398905,46.604541873746605,7.508090221649866,0
2025-11-07 03:06:21.939672,0.4440867855613008,43.64567455136496,7.191026596091966,0
2025-11-07 03:06:23.939672,0.3776662528480374,45.43597240612742,7.807527631932133,0
2025-11-07 03:06:25.939672,0.31118393683208134,44.825331990826115,7.8223257579076195,0
2025-11-07 03:06:27.939672,0.3996434174123875,45.84924702659328,8.288425269249169,0
2025-11-07 03:06:29.939672,0.4503815865315107,48.43196742568759,8.143067615375628,0
2025-11-07 03:06:31.939672,0.3683618191801705,45.86201701258999,8.33606110946016,0
2025-11-07 03:06:33.939672,0.3474187422080768,45.531342837355126,8.16493143593201,0
2025-11-07 03:06:35.939672,0.3843302523522079,43.7691838807271,7.782892576489844,0
2025-11-07 03:06:37.939672,0.37263762234229125,45.878235583364194,8.416761368653894,0
2025-11-07 03:06:39.939672,0.3425290463068706,45.27451119335152,8.38692310391371,0
2025-11-07 03:06:41.939672,0.40641359555467543,42.96588428437646,7.948280990722072,0
2025-11-07 03:06:43.939672,0.3802544779976884,45.69609984798007,8.076293269854158,0
2025-11-07 03:06:45.939672,0.40217200249681806,43.06173179185292,8.480590995172586,0
2025-11-07 03:06:47.939672,0.28841507281166906,43.113640250699305,8.258668678804675,0
2025-11-07 03:06:49.939672,0.34012735192781074,46.89726582693621,8.402298202194748,0
2025-11-07 03:06:51.939672,0.5252103073141176,47.22045853240359,8.287226448223322,0
2025-11-07 03:06:53.939672,0.4272561112755088,44.42300218524304,7.863483625537682,0
2025-11-07 03:06:55.939672,0.4340127594457524,43.73099753213129,8.409688067260616,0
2025-11-07 03:06:57.939672,0.4611261739707954,46.17089580524498,8.391073055932694,0
2025-11-07 03:06:59.939672,0.43783091933493795,43.533686703111755,7.976642748476176,0
2025-11-07 03:07:01.939672,0.41551829629348475,42.22944621989693,7.823045117344694,0
2025-11-07 03:07:03.939672,0.4040832634540715,45.83824664584371,8.351043073180188,0
2025-11-07 03:07:05.939672,0.3507894520550249,46.38681048644304,7.987490775370108,0
2025-11-07 03:07:07.939672,0.46080011382618824,45.91545316756727,7.2316725747932535,0
2025-11-07 03:07:09.939672,0.3705597918531875,46.09926631298037,7.454072533718977,0
2025-11-07 03:07:11.939672,0.41174607891525883,44.937186681868454,8.03138556719519,0
2025-11-07 03:07:13.939672,0.41574215308596085,47.57411367744586,7.751248943796982,0
2025-11-07 03:07:15.939672,0.4000363230431822,45.46774529714058,8.041230857855211,0
2025-11-07 03:07:17.939672,0.3993665080973286,45.385667245002956,8.203587769062832,0
2025-11-07 03:07:19.939672,0.3615484790543428,45.16014303907484,7.921629149960907,0
2025-11-07 03:07:21.939672,0.4092821001979187,43.91766407297183,8.732222469509995,0
2025-11-07 03:07:23.939672,0.35416079970360015,43.74964981061911,8.048403350168147,0
2025-11-07 03:07:25.939672,0.32816621121018413,45.36261250840765,8.340478623637399,0
2025-11-07 03:07:27.939672,0.45798283054712763,46.2134219800515,7.818089483825975,0
2025-11-07 03:07:29.939672,0.3539342772671622,45.06561855803072,8.053370852626665,0
2025-11-07 03:07:31.939672,0.4180836826444114,46.36807218804817,8.096247156242228,0
2025-11-07 03:07:33.939672,0.44081324556897966,44.07979157777026,7.978766861736307,0
2025-11-07 03:07:35.939672,0.41477261587119535,47.294477476569114,8.057804090758244,0
2025-11-07 03:07:37.939672,0.37995492703005695,44.4082472358741,7.827116088734747,0
2025-11-07 03:07:39.939672,0.37611735369457944,43.53785661493582,8.110812756060858,0
2025-11-07 03:07:41.939672,0.3821562717326572,42.304874470251235,7.940476138866715,0
2025-11-07 03:07:43.939672,0.42044353607991086,46.723943440407275,7.778436939439571,0
2025-11-07 03:07:45.939672,0.42446801349318186,44.37344904588967,7.825011927346191,0
2025-11-07 03:07:47.939672,0.37063532635749447,44.89610113329704,8.2811983716701,0
2025-11-07 03:07:49.939672,0.3738487589217231,44.14806050515276,7.5642368651880805,0
2025-11-07 03:07:51.939672,0.4567147617759448,48.01038334071465,7.803255417849595,0
2025-11-07 03:07:53.939672,0.4545121037928122,47.33393515484082,8.214243066651427,0
2025-11-07 03:07:55.939672,0.43978895159397025,43.47728796414267,7.760543812581839,0
2025-11-07 03:07:57.939672,0.34418855955296174,44.67227926086064,8.12693476602606,0
2025-11-07 03:07:59.939672,0.3483466367595395,47.07058549639537,7.781451462670572,0
2025-11-07 03:08:01.939672,0.4544955814094298,47.50932473098035,8.353691528151526,0
2025-11-07 03:08:03.939672,0.3469738173840392,44.87332748221643,7.394814315539529,0
2025-11-07 03:08:05.939672,0.4881997041815594,48.42748622291033,7.874132698675628,0
2025-11-07 03:08:07.939672,0.47543569540415664,44.651147588500585,7.843653434762486,0
2025-11-07 03:08:09.939672,0.40883976195624633,46.55636649789407,8.608500942141156,0
2025-11-07 03:08:11.939672,0.4432444133506435,44.22303573888708,7.939950553543936,0
2025-11-07 03:08:13.939672,0.4804515026558639,43.71424734815725,7.939154074514064,0
2025-11-07 03:08:15.939672,0.36049016747613444,44.32422129743818,7.711725150484699,0
2025-11-07 03:08:17.939672,0.40711382380466765,42.87722167957086,8.13453147648295,0
2025-11-07 03:08:19.939672,0.41278940755280236,43.286341762744414,8.172029645568408,0
2025-11-07 03:08:21.939672,0.3526303901931909,46.08270516294348,8.020494722034801,0
2025-11-07 03:08:23.939672,0.4007894214036299,45.058574171423075,8.34224604758881,0
2025-11-07 03:08:25.939672,0.36268160430565766,44.02814705063948,7.91994173362524,0
2025-11-07 03:08:27.939672,0.508085644670422,42.983704791409075,7.761382018811325,0
2025-11-07 03:08:29.939672,0.4217163671491094,44.288689812157166,8.147477276249028,0
2025-11-07 03:08:31.939672,0.4673007441514973,41.53242402718557,8.11556073181532,0
2025-11-07 03:08:33.939672,0.3709238494601275,43.45949294995907,8.01974727190178,0
2025-11-07 03:08:35.939672,0.35916105814042804,44.975774627664094,7.628676357160046,0
2025-11-07 03:08:37.939672,0.4173341205199212,45.07399494991591,8.124428444961659,0
2025-11-07 03:08:39.939672,0.3732011737343711,43.66090468756242,8.466912812095028,0
2025-11-07 03:08:41.939672,0.42143645548085973,44.93436726423574,8.075167010524476,0
2025-11-07 03:08:43.939672,0.38678300482664724,45.84109413368887,8.238869238358369,0
2025-11-07 03:08:45.939672,0.3690701767384514,45.18558225087012,8.1359278741388,0
2025-11-07 03:08:47.939672,0.47442206488962174,43.899030873501275,8.13269953024084,0
2025-11-07 03:08:49.939672,0.3580024478616558,45.9069564118055,8.085174660755712,0
2025-11-07 03:08:51.939672,0.3445551993858091,44.2213453191985,7.201867514818096,0
2025-11-07 03:08:53.939672,0.478704586568489,45.92867500554598,7.564024160012603,0
2025-11-07 03:08:55.939672,0.32946164100150166,45.41580324299322,8.135584640324126,0
2025-11-07 03:08:57.939672,0.3947683055179373,47.421332612587136,8.193327116517006,0
2025-11-07 03:08:59.939672,0.45594229933982494,43.66609828205258,8.111237229504829,0
2025-11-07 03:09:01.939672,0.386521587098789,45.77992892676464,7.80659265249783,0
2025-11-07 03:09:03.939672,0.38195561313522314,45.45853592191273,7.7242196680109885,0
2025-11-07 03:09:05.939672,0.40368155671077005,48.13087753080545,7.639505723618228,0
2025-11-07 03:09:07.939672,0.433747403459818,45.68091394831827,8.31758839254171,0
2025-11-07 03:09:09.939672,0.39692328575024227,44.91776031808541,7.910558096618242,0
2025-11-07 03:09:11.939672,0.43465006534449735,43.63949892133841,8.15415638853538,0
2025-11-07 03:09:13.939672,0.47091755954929115,46.515795835267745,8.097222467624878,0
2025-11-07 03:09:15.939672,0.4237508474332399,43.67504147909469,8.279477972593337,0
2025-11-07 03:09:17.939672,0.4200983666760867,44.19858833119856,8.13661340036822,0
2025-11-07 03:09:19.939672,0.41472385668365097,43.75741612174685,8.088911108211235,0
2025-11-07 03:09:21.939672,0.4018010773775376,44.93667466400407,7.7810055648707,0
2025-11-07 03:09:23.939672,0.40618842035982194,42.30608803846628,8.021637388232728,0
2025-11-07 03:09:25.939672,0.423799320830345,45.14896526590606,7.658568440120622,0
2025-11-07 03:09:27.939672,0.35820488150946345,44.83374083361085,8.212460960571367,0
2025-11-07 03:09:29.939672,0.4290930454489831,42.000922867043805,7.960508666123715,0
2025-11-07 03:09:31.939672,0.4332455450781887,45.70582227639809,7.660506719507111,0
2025-11-07 03:09:33.939672,0.3049928473079721,45.95481017493127,7.653639594707503,0
2025-11-07 03:09:35.939672,0.4328116871571898,47.831382299307585,8.312475199869514,0
2025-11-07 03:09:37.939672,0.49889536328205353,42.9769079516377,7.851225664888694,0
2025-11-07 03:09:39.939672,0.49513085841799687,45.56665325120137,8.188164399759621,0
2025-11-07 03:09:41.939672,0.39440639265330596,43.80008147625126,7.8499974453643295,0
2025-11-07 03:09:43.939672,0.37493032307587476,45.01554850086511,7.371550576404966,0
2025-11-07 03:09:45.939672,0.3059551470609403,45.21444768575226,7.623915677251094,0
2025-11-07 03:09:47.939672,0.3848827836959136,44.14982530047815,7.9847540736012315,0
2025-11-07 03:09:49.939672,0.358751953398258,41.844819765879926,8.196852624172426,0
2025-11-07 03:09:51.939672,0.42494451538919387,43.70789921752407,7.697400427093319,0
2025-11-07 03:09:53.939672,0.3939603233804757,44.484226111106395,7.696623237727811,0
2025-11-07 03:09:55.939672,0.4114951405912762,44.818805153211024,8.011451416954781,0
2025-11-07 03:09:57.939672,0.38368028762102313,42.666039179578185,7.58233361578804,0
2025-11-07 03:09:59.939672,0.4406517895123525,46.95141701594676,7.7099786683255225,0
2025-11-07 03:10:01.939672,0.41444269945199097,42.71892241753583,7.557593982986191,0
2025-11-07 03:10:03.939672,0.3716250640536424,43.41834888377361,8.05169048792861,0
2025-11-07 03:10:05.939672,0.3524793703828917,45.22897527797416,7.656302007098485,0
2025-11-07 03:10:07.939672,0.4352995561104901,43.70966648552916,8.386667637053176,0
2025-11-07 03:10:09.939672,0.48876339014021764,46.52325136296732,7.6343538637761785,0
2025-11-07 03:10:11.939672,0.37170210718842855,43.93575478619739,7.975772134101767,0
2025-11-07 03:10:13.939672,0.439931792909493,44.09370660297191,7.710085646515523,0
2025-11-07 03:10:15.939672,0.3617010280191811,45.35929174701174,8.41470734079859,0
2025-11-07 03:10:17.939672,0.3802835696188717,45.5627358422018,8.289594434468084,0
2025-11-07 03:10:19.939672,0.40742435618681955,41.457829604910685,7.871045360555376,0
2025-11-07 03:10:21.939672,0.3868449199706146,45.28312540479002,7.957343691456289,0
2025-11-07 03:10:23.939672,0.3499756291570171,45.11580341332371,8.35432574319508,0
2025-11-07 03:10:25.939672,0.3530265643702743,46.754459415000774,8.418677116631063,0
2025-11-07 03:10:27.939672,0.4809943504343165,44.12605889174691,8.821432619993193,0
2025-11-07 03:10:29.939672,0.418363254352331,45.54997674300909,7.140463661017614,0
2025-11-07 03:10:31.939672,0.37951528938631435,43.99902847179338,7.848416890476514,0
2025-11-07 03:10:33.939672,0.43688280238587995,43.0956204394672,7.816896261410465,0
2025-11-07 03:10:35.939672,0.44951741097250986,46.21375174106918,7.659474778236045,0
2025-11-07 03:10:37.939672,0.3740805859411822,46.01971360027253,8.21630344077792,0
2025-11-07 03:10:39.939672,0.47695889112870665,45.84167393383748,8.215142498496203,0
2025-11-07 03:10:41.939672,0.39046624985694195,45.80160043405066,8.110744193219938,0
2025-11-07 03:10:43.939672,0.41017404781626277,46.229339929628075,7.764779458824432,0
2025-11-07 03:10:45.939672,0.41145792414574234,43.429651101382824,7.711144481795684,0
2025-11-07 03:10:47.939672,0.3886752469594105,43.29645715725747,8.220328819772117,0
2025-11-07 03:10:49.939672,0.32771174184803925,46.38942156738308,7.877285314977521,0
2025-11-07 03:10:51.939672,0.4544252193776818,45.281248584942205,8.753697945559823,0
2025-11-07 03:10:53.939672,0.48625226173215486,45.29525453376141,7.666187745997774,0
2025-11-07 03:10:55.939672,0.40517202342436265,45.48028938924314,8.050412451002927,0
2025-11-07 03:10:57.939672,0.42197757239261363,42.83975794793057,8.598933944848596,0
2025-11-07 03:10:59.939672,0.37076071825070295,42.99310247755406,8.144596612239301,0
2025-11-07 03:11:01.939672,0.37265859340960955,44.338169064754034,8.342734527913914,0
2025-11-07 03:11:03.939672,0.5141705390941675,45.83879526376605,7.915526021757745,0
2025-11-07 03:11:05.939672,0.511057796475548,46.27264387826547,7.697922413753584,0
2025-11-07 03:11:07.939672,0.387889872505556,45.98874076394645,8.096790743668155,0
2025-11-07 03:11:09.939672,0.4482834134328826,42.96249107579214,8.109840282494162,0
2025-11-07 03:11:11.939672,0.4015969696969958,43.47115179202587,7.9608910893151155,0
2025-11-07 03:11:13.939672,0.43722995237918333,42.517451820864736,8.25465472300492,0
2025-11-07 03:11:15.939672,0.37862566231746986,44.87581889639071,8.403141719013504,0
2025-11-07 03:11:17.939672,0.41164059394886937,45.74572839028437,7.613071605937773,0
2025-11-07 03:11:19.939672,0.485986018243398,44.29500595387194,7.8770937855245595,0
2025-11-07 03:11:21.939672,0.3759903266493238,45.59076351125487,8.301831820221535,0
2025-11-07 03:11:23.939672,0.35095309937301783,48.286138873309596,8.107460530830023,0
2025-11-07 03:11:25.939672,0.4378823754796847,45.81747206208974,8.346243901228911,0
2025-11-07 03:11:27.939672,0.44511992689684704,43.909709834719095,7.323213931589454,0
2025-11-07 03:11:29.939672,0.37665123351740276,44.39760790237756,7.801761156654081,0
2025-11-07 03:11:31.939672,0.4136583516938776,45.71020813612248,8.039238147218446,0
2025-11-07 03:11:33.939672,0.39070359841901486,44.96444931451702,8.392423873899418,0
2025-11-07 03:11:35.939672,0.42854662891034395,46.61576440683534,7.944672247584186,0
2025-11-07 03:11:37.939672,0.32138098217234023,44.71918482552729,7.888374435123816,0
2025-11-07 03:11:39.939672,0.48327480043286175,43.40530943316756,7.900594042018835,0
2025-11-07 03:11:41.939672,0.44270402074728793,44.62574268507231,7.54778449070687,0
2025-11-07 03:11:43.939672,0.44640228864068937,44.9319528890533,8.380975380733048,0
2025-11-07 03:11:45.939672,0.385052311003097,47.071117199881954,7.966974723981768,0
2025-11-07 03:11:47.939672,0.4012197484962854,45.25747962487018,8.063334145209259,0
2025-11-07 03:11:49.939672,0.4157151719754739,45.06586213834572,7.911007313448439,0
2025-11-07 03:11:51.939672,0.41360535018839456,48.51799310591957,7.81694482268245,0
2025-11-07 03:11:53.939672,0.3857413923768217,44.91333409284728,7.5075422516117944,0
2025-11-07 03:11:55.939672,0.41638501537888833,45.68197411038207,8.096160958294126,0
2025-11-07 03:11:57.939672,0.4753586378863775,43.016082560616304,7.9541465124788004,0
2025-11-07 03:11:59.939672,0.35062437797468154,44.68148407202122,8.122660373622358,0
2025-11-07 03:12:01.939672,0.37822091795825513,44.09071852757754,8.410520896957212,0
2025-11-07 03:12:03.939672,0.39423408389240056,45.26485636244655,7.615050338993659,0
2025-11-07 03:12:05.939672,0.2914292081806048,43.07858118673177,7.8572810965742175,0
2025-11-07 03:12:07.939672,0.45613074811432486,43.852618412226704,8.046790311898299,0
2025-11-07 03:12:09.939672,0.46343699829066787,45.3273177846158,7.671649246886869,0
2025-11-07 03:12:11.939672,0.40928945911216374,44.41459943285089,8.30668557407661,0
2025-11-07 03:12:13.939672,0.36051290087296917,46.440713471442095,7.9936276362920164,0
